2342 3500
261 278 332 335 24
582 276 841 336 TALES
879 279 985 339 OF
1029 278 1197 338 THE
1243 277 1468 338 CIVIL
1515 277 1719 336 WAR.

253 438 476 511 ferret3
539 438 589 496 si
642 439 717 497 ab
767 457 870 497 ora
923 437 1223 497 maritima
1276 438 1577 498 discedere
1632 437 1833 510 nollet,
1886 436 2048 513 quod

252 532 513 612 legiones
541 554 618 594 ex
647 534 822 594 Italia
858 542 1247 614 exspectaret,
1280 535 1405 612 ipse
1442 543 1514 595 ut
1550 535 1826 594 omnibus
1863 534 2047 611 copiis

252 629 586 690 Domitium
608 631 1040 712 aggrederetur.
1130 632 1243 691 His
1265 630 1340 691 de
1360 631 1552 691 causis
1572 640 1822 709 uterque
1842 650 2043 690 eorum

251 727 538 788 celeritati
622 729 915 789 studebat.
1033 729 1152 788 Sed
1228 729 1542 789 Gaesarem
1617 727 1938 806 Apollonia
2009 747 2047 785 a

250 823 475 884 directo
520 825 737 885 itinere
781 834 1115 899 averterat3
1163 826 1482 902 Pompeius
1526 845 1633 902 per
1677 824 2043 885 Candaviam

248 919 364 980 iter
409 922 474 981 in
523 922 938 982 Macedoniam
995 922 1344 998 expeditum
1401 921 1679 981 habebat.
1778 921 2045 981 Accessit

247 1018 428 1078 etiam
471 1038 547 1077 ex
588 1019 911 1097 improviso
952 1018 1114 1078 aliud
1156 1019 1615 1091 incommodum,
1648 1018 1810 1096 quod
1841 1017 2043 1077 Domi·

246 1114 381 1187 tius,
419 1135 553 1175 cum
593 1115 718 1174 dies
757 1115 1088 1192 complures
1126 1115 1333 1175 castris
1373 1115 1667 1194 Scipionis
1705 1124 1897 1175 castra
1932 1114 2043 1174 col-

244 1210 366 1271 lata
393 1212 714 1286 habuisset,
741 1212 824 1271 rei
855 1212 1277 1271 frumentariae
1307 1232 1481 1272 causa
1502 1213 1580 1272 ab
1600 1232 1670 1272 eo
1692 1212 2041 1271 discesserat

243 1315 305 1366 et
328 1308 683 1381 Heracliam,
705 1328 855 1386 quae
879 1316 971 1367 est
991 1309 1258 1368 subiecta
1279 1308 1634 1382 Candaviae,
1658 1309 1773 1368 iter
1800 1309 2037 1381 fecerat,

241 1411 312 1467 ut
367 1405 495 1483 ipsa
551 1407 790 1466 fortuna
847 1405 1016 1465 illum
1080 1406 1310 1465 obicere
1372 1406 1658 1484 Pompeio
1713 1406 2036 1467 videretur.

243 1501 358 1560 Sed
404 1502 771 1582 Allobroges,
816 1503 921 1581 qui
962 1502 1039 1561 ad
1080 1502 1432 1579 Pompeium
1474 1503 1871 1581 perfugerant,
1907 1523 2040 1562 con-

241 1599 449 1675 spicati
489 1600 550 1659 in
591 1600 804 1659 itinere
845 1600 1250 1677 exploratores
1291 1599 1561 1673 Domitii,
1603 1601 1871 1660 Caesaris
1906 1619 2038 1677 pro-

238 1696 573 1770 fectionem,
619 1698 945 1758 adventum
988 1696 1238 1773 Pompei
1282 1696 1623 1757 docuerunt.
1716 1698 1771 1756 A
1818 1696 2060 1774 quibus⁴

236 1791 540 1853 Domitius
579 1795 795 1853 certior
829 1794 1020 1852 factus
1055 1794 1158 1852 vix
1198 1800 1483 1871 quattuor
1523 1794 1805 1853 horarum
1841 1794 2034 1872 spatio

237 1891 590 1950 antecedens
629 1891 892 1950 hostium
931 1891 1221 1950 beneficio
1258 1891 1585 1969 periculum
1621 1892 1841 1951 vitavit
1867 1899 1929 1951 et
1956 1891 2033 1954 ad

235 1985 575 2064 Aeginium,
635 1988 796 2065 quod
865 1995 958 2047 est
1024 1988 1325 2048 obiectum
1387 1973 1740 2061 Thessaliae,
1793 1987 2031 2048 Caesari

234 2084 501 2143 venienti
530 2085 799 2144 occurrit.

232 2357 327 2400 3⁵.
370 2350 565 2401 Caesar
587 2351 724 2400 takes
750 2350 968 2412 Gomphi
1000 2350 1064 2412 by
1085 2357 1254 2399 scorm.
1332 2350 1630 2411 Metropoli-s
1652 2351 1761 2399 and
1783 2350 1862 2398 the
1886 2350 2027 2399 other

447 2432 596 2481 Cities
620 2433 686 2493 os
706 2432 948 2495 Thessaly
972 2439 1141 2493 except
1172 2432 1380 2479 Larc'ssa
1405 2431 1587 2479 submit
1612 2438 1659 2479 lo
1682 2432 1801 2480 him.

306 2572 642 2631 Coniuncto
672 2571 934 2630 exercitu
964 2571 1179 2630 Caesar
1210 2571 1519 2648 Gomphos
1549 2571 1836 2647 pervenit,
1861 2572 2022 2647 quod

225 2675 317 2727 est
344 2668 633 2745 oppidum
660 2668 919 2745 primum
949 2666 1287 2726 Thessaliae
1309 2666 1687 2726 venientibus
1714 2667 1791 2726 ab
1819 2666 2018 2745 Epiro.

224 2764 468 2839 Eodem,
499 2785 618 2842 quo
647 2772 909 2836 venerat,
943 2764 1039 2822 die
1069 2772 1206 2840 post
1232 2764 1438 2823 horam
1476 2784 1696 2822 nonam
1733 2764 2020 2841 oppidum

223 2862 528 2921 altissimis
576 2862 885 2921 moenibus
934 2880 1279 2939 oppugnare
1327 2880 1635 2939 aggressus
1685 2868 1824 2920 ante
1879 2860 2020 2920 solis

222 2979 491 3019 occasum
530 2960 894 3037 expugnavit
923 2966 984 3017 et
1013 2957 1086 3017 ad
1117 2958 1516 3036 diripiendum
1559 2958 1851 3018 militibus
1889 2979 2021 3019 con-

221 3057 394 3114 cessit
424 3057 745 3134 statimque
774 3056 849 3114 ab
879 3055 1096 3133 oppido
1126 3061 1320 3113 castra
1340 3056 1529 3115 movit
1549 3064 1610 3115 et
1632 3055 2017 3135 Metropolim
