2342 3500
606 316 864 376 TALES
910 314 1013 375 OF
1056 314 1224 375 THE
1268 316 1494 376 CIVIL
1539 317 1747 377 WAR.
2000 320 2068 379 17

274 479 426 536 acies
454 479 725 555 equitatu
755 478 1019 538 hostium
1049 478 1412 537 circumdata
1440 479 1771 539 tenebatur.
1859 479 2073 539 Horta-

273 580 375 632 tur
416 574 734 635 Curionem
784 575 891 636 Cn.
935 575 1254 649 Domitius,
1296 575 1629 653 praefectus
1675 576 1960 653 equitum,
2001 584 2071 636 ut

269 669 414 748 fuga
456 672 710 731 salutem
756 678 927 750 petat
974 678 1156 748 atque
1201 672 1264 730 in
1320 678 1512 731 castra
1559 672 1895 732 contendat.
1982 672 2071 733 At

271 765 452 828 Curio
520 788 846 846 numquam
916 789 977 829 se
1053 769 1270 828 amisso
1337 769 1600 828 exercitu
1669 770 1733 828 in
1803 769 2069 830 Caesaris

268 873 649 942 conspectum
678 885 1053 926 reversurum
1089 867 1399 925 confirmat
1437 872 1617 943 atque
1650 866 1737 924 ita
1771 867 2068 944 proelians

266 959 635 1022 interficitur.
720 964 971 1040 Equites
998 982 1074 1022 ex
1100 961 1324 1040 proelio
1355 963 1632 1040 perpauci
1660 982 1722 1022 se
1751 962 2062 1041 recipiunt.

267 1057 495 1119 Milites
522 1059 600 1118 ad
627 1080 816 1120 unum
843 1078 1048 1119 omnes
1077 1057 1533 1119 interficiuntur.

347 1154 460 1215 His
487 1157 662 1217 rebus
692 1157 945 1235 cognitis
968 1156 1232 1216 Marcius
1261 1156 1454 1216 Rufus
1475 1163 1754 1234 quaestor
1772 1156 1837 1215 in
1860 1158 2064 1218 castris

264 1251 504 1312 relictus
533 1274 568 1313 a
596 1253 857 1314 Curione
878 1253 1229 1313 cohortatur
1257 1272 1409 1326 suOS‚
1434 1272 1508 1311 ne
1537 1253 1735 1312 animo
1765 1252 2057 1313 deficiant.

263 1346 359 1406 Illi
414 1357 589 1411 orant
643 1358 823 1427 atque
879 1350 1211 1423 obsecrant,
1258 1356 1326 1408 ut
1379 1349 1443 1408 in
1493 1348 1754 1409 Siciliam
1812 1351 2063 1410 navibus

262 1452 655 1523 reportentur.
721 1447 905 1507 Pauci
926 1446 1232 1506 lenunculi
1252 1446 1330 1505 ad
1352 1445 1608 1505 officium
1629 1446 2061 1526 imperiumque

259 1543 710 1602 conveniebant.
821 1542 940 1602 Sed
1004 1550 1178 1602 tanta
1232 1549 1360 1601 erat
1422 1542 1730 1620 completis
1783 1542 2061 1604 litoribus

259 1641 582 1713 contentio,
633 1641 737 1718 qui
794 1640 1173 1718 potissimum
1229 1660 1306 1699 ex
1360 1658 1577 1718 magno
1624 1659 1872 1700 numero
1928 1661 2060 1701 con-

257 1736 627 1812 scenderent,
691 1743 760 1797 ut
833 1735 1223 1797 multitudine
1290 1743 1469 1815 atque
1537 1757 1716 1797 onere
1784 1739 2058 1799 nonnulli

256 1833 750 1912 deprimerentur,
781 1834 996 1913 reliqui
1038 1835 1150 1894 hoc
1192 1836 1404 1895 timore
1440 1835 1682 1913 propius
1711 1834 1874 1895 adire
1901 1835 2060 1895 tard-

255 1937 515 1992 arentur.
619 1932 847 2006 Quibus
893 1931 1071 1991 rebus
1121 1930 1338 1991 accidit
1386 1939 1454 1991 ut
1501 1930 1673 2010 pauci
1723 1931 1944 1992 milites
1991 1933 2055 1992 in

256 2027 520 2088 Siciliam
545 2028 872 2088 incolumes
898 2028 1297 2106 pervenirent.

333 2125 621 2204 Reliquae
666 2127 867 2204 copiae
904 2125 1099 2185 missis
1141 2124 1218 2184 ad
1256 2125 1483 2185 Varum
1516 2133 1696 2184 noctu
1723 2125 2049 2204 legatorum

252 2242 501 2283 numero
544 2223 993 2282 centurionibus
1039 2241 1164 2282 sese
1211 2223 1267 2283 ei
1316 2221 1693 2284 dediderunt.
1787 2223 2051 2297 Quarum

252 2319 593 2381 cohortium
643 2320 863 2380 milites
919 2327 1158 2397 postero
1214 2319 1312 2379 die
1369 2327 1508 2379 ante
1564 2319 1851 2397 oppidum
1901 2320 2052 2380 Iuba

251 2418 622 2494 conspicatus
666 2437 832 2476 suam
882 2436 1008 2476 esse
1051 2417 1401 2494 praedicans
1441 2417 1724 2494 praedam
1772 2437 2051 2496 magnam

251 2521 485 2592 partem
512 2533 714 2574 eorum
744 2513 995 2573 interfici
1020 2513 1210 2586 iussit,
1233 2533 1449 2591 paucos
1477 2512 1696 2574 electos
1715 2516 1777 2573 in
1801 2535 2049 2593 regnum

249 2610 493 2671 remisit.
583 2610 716 2688 Ipse
750 2610 959 2670 diebus
996 2618 1133 2689 post
1172 2611 1377 2688 paucis
1413 2630 1475 2671 se
1517 2611 1581 2670 in
1619 2631 1870 2691 regnum
1915 2633 2051 2672 cum

249 2709 529 2769 omnibus
556 2709 739 2786 copiis
767 2708 1002 2786 recepit.

670 2895 768 2938 26.
810 2888 1051 2940 Gaesar’e
1084 2889 1227 2938 Firet
1254 2888 1623 2954 Dictatorchip.

329 3004 607 3064 Dictator
649 3003 832 3063 habet
881 3002 1123 3063 comitia
1177 3004 1412 3076 Caesar,
1460 3001 1730 3063 consules
1772 3010 2050 3063 creantur

251 3101 441 3162 Iulius
490 3101 709 3161 Caesar
749 3108 812 3159 et
853 3099 917 3159 P.
953 3098 1259 3158 Servilius.
1345 3098 1499 3159 Cum
1534 3099 1682 3159 fides
1716 3107 1846 3159 tota
1874 3100 2049 3160 Italia
