2342 3500
291 295 364 352 18
615 293 873 353 TALES
917 293 1021 354 OF
1064 295 1234 354 THE
1277 295 1504 355 CIVIL
1549 294 1760 356 WAR.

286 460 442 514 esset
480 455 791 532 angustior
830 475 1025 532 neque
1068 455 1327 517 creditae
1371 457 1657 535 pecuniae
1700 458 2089 532 solverentur,

286 552 616 625 constituit,
689 559 758 611 ut
847 573 953 631 per
1038 554 1294 614 arbitros
1365 555 1578 614 fierent
1646 555 2093 615 aestimationes

286 649 725 727 possessionum
771 656 834 710 et
875 669 1090 723 rerum,
1137 651 1348 729 quanti
1385 671 1660 729 quaeque
1706 671 1909 710 earum
1952 658 2092 710 ante

286 745 508 806 bellum
562 746 793 820 fuisset,
848 755 1027 825 atque
1081 768 1183 808 eae
1240 747 1637 808 creditoribus
1691 747 2088 808 traderentur.

288 838 420 899 Hoc
475 847 537 899 et
591 839 667 898 ad
717 841 993 899 timorem
1035 860 1327 900 novarum
1374 840 1710 900 tabularum
1758 839 2092 900 tollendum

286 936 815 1014 minuendumque,
857 938 961 1016 qui
1004 938 1127 997 fere
1166 937 1324 997 bella
1358 946 1419 998 et
1456 937 1660 998 civiles
1694 935 2094 997 dissensiones

287 1033 453 1111 sequi
499 1036 827 1108 consuevit,
857 1040 920 1095 et
963 1033 1040 1094 ad
1083 1034 1422 1094 debitorum
1464 1033 1751 1096 tuendam
1793 1034 2091 1093 existima-

288 1131 514 1190 tionem
603 1151 729 1191 esse
817 1132 1193 1210 aptissimum
1290 1131 1672 1192 existimavit.
1816 1131 2091 1209 Itemque

285 1226 605 1287 nonnullos
684 1228 944 1288 ambitus
1020 1228 1308 1304 Pompeia
1384 1228 1513 1307 lege
1590 1226 1904 1288 damnatos
1971 1228 2093 1287 illis

284 1324 670 1401 temporibus,
703 1325 921 1403 quibus
957 1326 1020 1384 in
1053 1325 1202 1385 urbe
1239 1324 1536 1402 praesidia
1575 1324 1877 1403 legionum
1919 1324 2094 1385 Pom-

285 1421 453 1499 peius
509 1421 818 1494 habuerat,
876 1422 940 1482 in
1007 1422 1309 1499 integrum
1372 1421 1658 1481 restituit.
1745 1421 1859 1480 His
1911 1422 2093 1482 rebus

286 1525 348 1578 et
416 1518 580 1578 feriis
651 1519 881 1579 Latinis
945 1519 1316 1596 comitiisque
1385 1518 1661 1579 omnibus
1715 1518 2094 1596 perficiendis

286 1615 564 1674 undecim
606 1614 734 1676 dies
782 1616 1000 1676 tribuit
1044 1616 1460 1694 dictaturaque
1512 1635 1573 1675 se
1619 1614 1855 1676 abdicat
1904 1623 1966 1675 et
2013 1615 2092 1675 ab

286 1713 431 1773 urbe
459 1712 854 1792 proficiscitur
882 1712 1390 1792 Brundisiumque
1420 1712 1708 1792 pervenit.

395 1902 495 1946 2ยน7.
537 1895 732 1947 Caesar
754 1912 939 1946 crosses
961 1904 1011 1945 to
1038 1896 1218 1946 Greece
1241 1896 1363 1946 with
1385 1912 1420 1945 a
1435 1904 1566 1960 part
1588 1896 1653 1959 of
1664 1896 1744 1946 his
1776 1898 1978 1960 Troops.

368 2010 458 2069 Eo
512 2009 774 2088 legiones
829 2010 1158 2083 duodecim,
1218 2010 1547 2089 equitatum
1605 2030 1843 2071 omne-m
1886 2013 2091 2073 venire

286 2106 557 2167 iusserat.
642 2106 759 2167 Sed
815 2114 1054 2167 tantum
1099 2108 1344 2168 navium
1393 2107 1674 2186 repperit,
1721 2116 1790 2167 ut
1839 2117 2090 2187 anguste

287 2203 628 2281 quindecim
703 2203 868 2274 milia
936 2204 1399 2283 legionariorum
1475 2204 1752 2278 militum,
1824 2206 2091 2266 sexcenti

286 2301 515 2377 equites
562 2302 954 2378 transportari
993 2311 1253 2380 possent.
1341 2300 1472 2361 Hoc
1511 2322 1698 2361 unum
1739 2302 1976 2363 Caesari
2013 2302 2091 2363 ad

287 2397 651 2457 celeritatem
741 2399 1092 2459 conficiendi
1180 2398 1321 2458 belli
1405 2397 1617 2458 defuit.
1766 2399 2089 2478 Pompeius

286 2515 550 2554 annuum
621 2494 878 2573 spatium
941 2494 1016 2555 ad
1094 2495 1521 2574 comparandas
1590 2496 1788 2573 copias
1858 2503 2088 2570 nactus,

286 2591 446 2669 quod
516 2612 767 2651 vacuum
853 2613 887 2651 a
970 2592 1127 2653 bello
1196 2600 1377 2669 atque
1446 2592 1522 2652 ab
1591 2592 1762 2652 hoste
1830 2594 2088 2654 otiosum

284 2690 496 2761 fuerat,
544 2710 823 2767 magnam
872 2690 1117 2750 classem
1167 2697 1457 2767 coegerat,
1508 2689 1770 2767 legiones
1815 2691 2090 2751 effecerat

285 2786 507 2846 civium
549 2786 957 2845 Romanorum
1000 2806 1233 2856 novem,
1274 2786 1562 2844 frumenti
1600 2786 1723 2844 vim
1764 2787 2088 2846 maximam

285 2892 746 2962 comparaverat.
891 2883 1174 2943 Hiemare
1262 2882 1643 2961 Dyrrhachii,
1731 2884 2088 2961 Apolloniae

285 2981 680 3057 omnibusque
727 2980 963 3057 oppidis
1008 2980 1325 3040 maritimis
1370 2981 1775 3053 constituerat,
1813 2988 1884 3040 ut
1925 3001 2088 3042 mare

283 3078 537 3138 transire
567 3077 880 3136 Caesarem
909 3077 1271 3155 prohiberet,
1302 3078 1546 3154 eiusque
1589 3078 1674 3136 rei
1717 3097 1894 3137 causa
1924 3079 2085 3138 omni
