2342 3500
310 296 384 350 22
637 290 896 349 TALES
939 290 1042 351 OF
1084 290 1254 350 THE
1297 290 1523 350 GIVIL
1567 291 1774 351 WAR.

389 452 552 511 Haec
595 451 803 512 eodem
843 452 967 511 fere
1005 460 1274 529 tempore
1313 453 1529 512 Caesar
1565 458 1745 530 atque
1782 452 2111 530 Pompeius

306 554 682 627 cognoscunt.
790 548 1043 608 Diversa
1104 548 1220 608 sibi
1278 549 1453 608 ambo
1516 549 1761 608 consilia
1822 549 2109 627 capiunt:

306 645 540 717 Caesar,
566 652 634 704 ut
655 664 834 723 quam
864 646 1123 723 primum
1147 665 1209 704 se
1232 665 1366 705 cum
1390 645 1658 706 Antonio
1682 646 2071 724 coniungeret
2096 668 2109 716 3

305 741 639 820 Pompeius,
676 749 745 800 ut
786 742 1164 802 venientibus
1208 742 1271 801 in
1312 742 1527 803 itinere
1568 763 1631 803 se
1673 749 2020 821 opponeret,
2051 743 2107 801 si

305 839 713 917 imprudentes
757 859 834 900 ex
875 839 1108 898 insidiis
1153 839 1373 899 adoriri
1419 848 1630 918 posset.
1733 840 1961 899 Eodem
2005 839 2107 899 die

305 945 556 1014 uterque
610 955 816 995 eorum
873 956 948 995 ex
1002 936 1212 995 castris
1267 937 1501 996 stativis
1550 957 1584 996 a
1634 936 1879 996 flumine
1936 935 2105 1015 Apso

305 1033 633 1092 exercitum
675 1032 955 1106 educunt,
997 1033 1320 1111 Pompeius
1362 1033 1511 1092 clam
1553 1041 1614 1093 et
1656 1041 1854 1106 noctu,
1887 1033 2108 1093 Caesar

304 1130 500 1208 palam
554 1138 735 1208 atque
793 1130 1072 1190 interdiu.
1179 1130 1499 1209 Pompeius
1560 1131 1840 1191 idoneum
1906 1131 2105 1191 locum

303 1235 528 1302 nactus,
579 1227 666 1287 ibi
723 1228 919 1306 copias
976 1227 1288 1287 collocavit
1337 1248 1591 1307 suosque
1641 1248 1846 1288 omnes
1895 1228 2105 1288 castris

304 1324 604 1384 continuit
630 1326 915 1403 ignesque
943 1325 1071 1383 fieri
1101 1325 1425 1402 prohibuit,
1459 1344 1577 1402 quo
1620 1325 1907 1385 occultior
1947 1332 2107 1385 esset

305 1421 430 1480 eius
454 1421 762 1482 adventus.
849 1421 1013 1480 Haec
1037 1422 1111 1480 ad
1133 1422 1466 1481 Antonium
1491 1422 1697 1482 statim
1717 1441 1823 1499 per
1844 1421 2104 1481 Graecos

304 1518 671 1578 deferuntur.
759 1518 867 1578 Ille
915 1518 1110 1577 missis
1158 1518 1235 1578 ad
1285 1519 1598 1580 Caesarem
1639 1518 1869 1579 nuntiis
1914 1538 2101 1578 unum

305 1615 463 1674 diem
493 1635 618 1675 sese
649 1615 856 1674 castris
892 1615 1088 1674 tenuit
1107 1637 1124 1688 3
1166 1615 1354 1675 altero
1392 1616 1489 1675 die
1532 1615 1608 1675 ad
1650 1637 1788 1676 eum
1829 1617 2106 1694 pervenit

305 1712 536 1772 Caesar.
624 1711 808 1773 Cuius
837 1712 1103 1772 adventu
1132 1714 1371 1791 cognito
1398 1713 1734 1792 PompeiuS,
1764 1733 1841 1773 116
1868 1713 2103 1774 duobus

304 1809 867 1869 circumcluderetur
896 1811 1273 1885 exercitibus,
1307 1830 1381 1870 ex
1419 1831 1490 1871 60
1528 1812 1655 1872 1060
1694 1810 1946 1871 discedit
1982 1831 2105 1871 om-

304 1907 598 1986 nibusque
647 1906 830 1985 copiis
879 1906 957 1966 ad
1011 1906 1410 1987 Asparagium
1465 1908 1740 1986 pervenit
1789 1916 1969 1987 atque
2012 1909 2097 1969 ibi

302 2005 518 2065 idoneo
546 2004 675 2065 loco
705 2012 897 2064 castra
923 2006 1111 2083 ponit.

384 2195 482 2238 88.
527 2188 831 2250 Operatione
852 2195 908 2236 at
930 2187 1302 2249 Asparaqium.
1378 2188 1609 2252 Pompey
1628 2187 1673 2237 is
1696 2195 1779 2237 cut
1800 2187 1878 2250 off
1873 2188 2022 2250 srom

669 2269 1060 2332 Dyrrhachium
1081 2269 1189 2318 and
1212 2284 1447 2331 encamps
1471 2274 1527 2317 αι
1549 2268 1725 2319 Petra.

384 2385 618 2456 Caesar,
659 2391 975 2463 postquam
1018 2384 1373 2461 Pompeium
1413 2382 1491 2442 ad
1530 2383 1931 2462 Asparagium
1974 2404 2100 2444 esse

303 2481 597 2561 cognovit,
648 2481 856 2541 60116111
906 2500 1040 2540 611111
1090 2482 1354 2540 exercitu
1403 2480 1721 2558 profectus,
1767 2480 1948 2540 tertio
2002 2481 2101 2540 die

303 2579 380 2639 ad
417 2578 770 2656 Pompeium
799 2577 1074 2655 pervenit
1105 2579 1399 2656 juxtaque
1427 2597 1563 2637 eum
1592 2584 1783 2637 castra
1810 2577 2013 2656 posuit
2040 2586 2103 2638 et

302 2670 592 2754 postridie
643 2675 873 2735 eductis
921 2675 1196 2735 omnibus
1233 2674 1416 2752 copiis
1453 2673 1809 2735 decernendi
1849 2682 2103 2752 potesta·

303 2780 422 2832 tem
474 2772 760 2850 Pompeio
809 2772 963 2832 fecit.
1053 2772 1178 2832 Ubi
1227 2771 1396 2830 illum
1445 2771 1567 2831 suis
1608 2771 1751 2831 locis
1791 2792 1853 2831 se
1895 2780 2099 2833 tenere

304 2870 569 2929 animum
631 2870 909 2943 advertit,
971 2868 1132 2929 aliud
1194 2869 1309 2929 sibi
1372 2867 1682 2928 consilium
1744 2869 2096 2947 capiendum

304 2965 686 3026 existimavit.
774 2966 986 3043 Itaque
1015 2973 1251 3043 postero
1279 2966 1376 3025 die
1413 2985 1630 3044 magno
1668 2966 1916 3026 circuitu
1955 2967 2100 3027 diffi-

305 3063 402 3122 cili
450 3072 821 3142 angustoque
875 3062 1088 3121 itinere
1142 3061 1579 3138 Dyrrhachium
1635 3064 1932 3141 profectus
1986 3074 2094 3142 est,
