2342 3500
647 279 905 345 TALES
949 280 1052 340 OF
1096 280 1265 340 THE
1309 280 1536 340 CIVIL
1578 280 1788 341 WAR.
2043 285 2113 369 19

317 461 420 500 ora
495 442 793 501 maritima
878 441 1123 501 classem
1210 442 1597 520 disposuerat.
1727 441 1959 516 Caesar,
2046 451 2118 502 ut

316 535 703 597 Brundisium
772 538 954 610 venit,
1015 539 1393 598 contionatus
1461 539 1619 615 apud
1687 538 1925 613 milites,
1985 560 2117 599 con-

315 633 707 694 clamantibus
763 635 1053 710 omnibus‚
1102 635 1518 714 quodcumque
1573 636 2001 712 imperavisset,
2052 658 2114 698 se

315 750 502 808 aequo
551 732 752 792 animo
800 752 926 792 esse
972 733 1249 807 facturos,
1297 753 1479 793 naves
1528 733 1724 792 solvit.
1812 734 2113 795 Postridie

312 833 534 887 terram
578 829 785 908 attigit
835 830 1267 890 Cerauniorum
1312 850 1455 890 saxa
1508 831 1668 890 inter
1711 838 1771 890 et
1819 831 1934 891 alia
1987 831 2115 892 loca

312 925 641 1002 periculosa
705 926 970 1004 quietam
1041 933 1250 986 nactus
1319 927 1655 1000 stationem,
1713 935 1776 986 et
1844 928 1919 986 ad
1975 948 2112 988 eum

310 1021 524 1095 locum,
587 1025 691 1101 qui
742 1024 1152 1102 appellabatur
1209 1025 1499 1097 Palaeste,
1536 1025 1811 1085 omnibus
1860 1026 2112 1086 navibus

312 1118 388 1178 ad
417 1139 596 1180 unam
622 1108 1019 1181 incolumibus
1047 1121 1271 1181 milites
1300 1122 1590 1199 exposuit.

375 1315 476 1359 28.
522 1311 600 1359 He
624 1311 772 1360 sends
795 1310 917 1360 back
939 1310 1018 1359 his
1040 1311 1195 1373 Ships
1204 1311 1302 1374 for
1323 1311 1401 1360 che
1424 1318 1522 1361 rest
1546 1311 1610 1374 of
1622 1312 1699 1361 the
1728 1312 1939 1375 TroopS,
1961 1313 2046 1362 but

399 1390 610 1441 Bibulus
633 1399 782 1441 meets
802 1393 911 1441 and
933 1393 1163 1455 destroys
1186 1408 1344 1456 many
1369 1393 1432 1454 of
1445 1393 1578 1442 chem
1599 1409 1663 1442 on
1687 1394 1766 1442 the
1786 1409 2017 1456 passaye.

394 1505 697 1582 Expositis
726 1506 1017 1565 militibus
1044 1525 1227 1565 naves
1257 1504 1464 1565 eadem
1493 1513 1667 1566 nocte
1712 1506 2104 1566 Brundisium

310 1623 345 1660 a
373 1602 623 1662 Caesare
657 1603 1064 1675 remittuntur,
1095 1609 1164 1661 ut
1202 1602 1465 1680 reliquae
1494 1603 1756 1681 legiones
1785 1603 2110 1680 equitatus-

309 1718 425 1777 que
475 1699 868 1778 transportari
923 1708 1182 1778 possent.
1287 1699 1406 1760 Sed
1456 1700 1642 1760 serius
1691 1719 1727 1760 a
1774 1706 1934 1759 terra
1982 1720 2110 1778 pro-

308 1803 513 1857 vectae
551 1817 733 1858 naves
774 1817 968 1876 neque
1011 1817 1151 1857 usae
1193 1805 1486 1857 nocturna
1523 1817 1667 1856 aura
1704 1797 1767 1856 in
1806 1797 2110 1856 redeundo

307 1894 704 1954 offenderunt.
800 1894 1052 1955 Bibulus
1103 1896 1263 1955 enim
1313 1894 1608 1972 Corcyrae
1657 1895 1874 1955 certior
1918 1894 2109 1953 factus

307 1989 382 2050 de
422 1991 689 2051 adventu
728 1990 996 2051 Caesaris
1035 1991 1316 2051 inanibus
1354 1991 1626 2063 occurrit,
1659 1996 1722 2050 et
1757 1998 1968 2050 nactus
2006 1991 2111 2050 cir-

306 2089 455 2147 citer
495 2088 747 2165 triginta
787 2107 991 2147 omnes
1033 2087 1303 2148 incendit
1350 2078 1690 2165 eodemque*
1713 2088 1849 2167 igne
1897 2093 2110 2146 nautas

305 2184 697 2262 dominosque
727 2185 971 2245 navium
1009 2184 1325 2244 interfecit.
1413 2184 1545 2244 Hoc
1573 2184 1839 2244 confecto
1867 2184 2109 2263 negotio

306 2282 485 2341 litora
513 2282 713 2342 omnia
738 2281 914 2360 longe
943 2281 1180 2360 lateque
1209 2280 1490 2341 classibus
1519 2281 1845 2359 occupavit.

371 2476 471 2521 20.
519 2470 872 2532 Uva-successful
895 2470 1125 2533 Attempt
1148 2470 1214 2532 of
1234 2469 1473 2520 Octavius
1496 2477 1544 2520 ιο
1566 2472 1686 2522 seize
1708 2470 1929 2521 Salonas
1948 2470 2047 2533 for

1082 2552 1334 2615 Pompey.

385 2665 466 2724 M.
502 2664 788 2726 Octavius
817 2685 952 2724 cum
979 2666 1069 2737 iis,
1100 2685 1249 2742 quas
1277 2665 1551 2739 habebat,
1583 2665 1835 2726 navibus
1864 2665 2111 2726 Salonas

305 2762 613 2840 pervenit:
657 2762 944 2841 oppidum
987 2781 1333 2840 oppugnare
1376 2762 1656 2823 instituit.
1759 2762 1868 2822 Est
1911 2771 2111 2823 autem

305 2859 595 2937 oppidum
627 2872 690 2918 et
716 2859 831 2919 loci
860 2866 1075 2918 natura
1110 2867 1171 2918 et
1212 2858 1359 2918 colle
1398 2860 1717 2920 munitum.
1805 2859 1925 2919 Sed
1954 2860 2112 2920 cives

304 2956 581 3031 Romani,
621 2977 758 3016 cum
802 2964 1002 3016 essent
1042 2955 1261 3014 infirmi
1307 2955 1383 3014 ad
1425 2956 1822 3016 resistendum
1867 2965 2112 3035 propter

306 3054 674 3131 paucitatem
703 3053 1030 3125 hominum,
1064 3051 1141 3111 ad
1177 3059 1512 3112 extremum
1549 3054 1837 3114 auxilium
1879 3053 2112 3113 descen-
