2342 3500
248 248 323 309 20
573 248 831 309 TALES
876 249 980 309 OF
1024 251 1193 310 THE
1239 250 1466 310 CIVIL
1510 251 1718 311 WAR.

245 407 466 468 derunt
509 429 827 487 servosque
877 430 1082 471 omnes
1130 411 1386 488 puberes
1431 412 1851 473 liberaverunt.
1939 413 2049 474 Oc-

244 507 439 565 tavius
474 507 672 584 quinis
707 508 913 567 castris
949 509 1236 586 oppidum
1278 509 1668 568 circumdedit
1705 517 1884 588 atque
1922 530 2045 571 uno

243 609 512 680 tempore
561 605 870 665 obsidione
918 613 980 665 et
1030 606 1578 683 oppugnationibus
1629 626 1727 666 eos
1776 627 2045 683 premere

243 700 452 776 coepit.
538 700 636 760 Illi
676 703 836 760 nacti
879 701 1246 761 occasionem
1292 702 1605 761 meridiani
1651 704 1935 780 temporis
1977 704 2042 763 in

241 797 516 875 proxima
560 797 796 858 Octavii
846 807 1039 858 castra
1092 800 1438 877 irruperunt
1496 807 1557 859 et
1607 800 1922 860 Octavium
1979 801 2045 860 in

240 914 425 954 naves
475 897 795 975 confugere
845 904 1181 974 coegerunt.
1285 896 1532 974 Iamque
1588 897 1780 956 hiems
1836 917 2047 974 appro-

240 992 570 1069 pinquabat
600 1000 659 1051 et
689 993 971 1053 Octavius
1000 993 1313 1070 desperata
1350 995 1794 1071 oppugnatione
1835 994 2042 1072 oppidi

240 1088 681 1166 Dyrrhachium
709 1110 834 1150 sese
864 1090 940 1149 ad
968 1090 1321 1167 Pompeium
1350 1092 1589 1168 recepit.

293 1285 394 1328 80.
439 1277 632 1328 Caesar
652 1280 811 1340 αραὶη
832 1285 1069 1341 attempta
1093 1285 1140 1327 to
1165 1284 1295 1327 tv‘eat
1320 1279 1438 1328 with
1466 1281 1705 1342 Pompey.
1781 1279 1990 1330 Oricum

540 1359 649 1408 and
671 1359 951 1422 Apollonia
973 1375 1100 1421 open
1123 1359 1256 1408 their
1279 1360 1431 1409 Gales
1454 1367 1503 1410 to
1529 1361 1735 1410 Caesar.

320 1473 750 1535 L.'Vibullium
788 1475 1028 1548 Rufum,
1063 1476 1314 1553 Pompei
1352 1477 1732 1554 praefectum,
1765 1497 1874 1554 pro
1917 1478 2041 1536 suis

241 1572 540 1631 beneficiis
598 1571 814 1631 Caesar
873 1573 1156 1632 idoneum
1220 1573 1604 1645 iudicaverat,
1666 1593 1841 1650 quem
1906 1593 2040 1632 cum

240 1669 542 1728 mandatis
606 1668 683 1727 ad
749 1667 855 1728 Cn.
909 1668 1261 1746 Pompeium
1319 1670 1602 1743 mitteret,
1664 1671 2039 1748 eundemque

240 1767 398 1845 apud
421 1767 527 1826 Cn.
556 1766 907 1843 Pompeium
936 1768 1356 1826 auctoritatem
1385 1768 1603 1827 habere
1632 1767 2036 1846 intellegebat.

238 1863 541 1924 Vibullius
571 1863 646 1922 ad
676 1864 1026 1942 Pompeium
1056 1865 1384 1934 contendit,
1408 1872 1479 1924 ut
1500 1865 1703 1924 adesse
1727 1865 2037 1925 Caesarem

238 1960 559 2019 nuntiaret.
664 1961 984 2037 Pompeius
1027 1968 1156 2020 erat
1210 1981 1281 2021 eo
1321 1968 1588 2038 tempore
1629 1961 1690 2019 in
1735 1961 2041 2021 Candavia

237 2059 470 2135 iterque
531 2077 606 2117 ex
664 2057 1016 2117 Macedonia
1057 2058 1118 2116 in
1166 2058 1415 2117 hiberna
1459 2045 1840 2135 Apolloniam
1887 2058 2038 2135 Dyr·
2127 2085 2130 2086 ⁷

237 2155 667 2232 rhachiumque
723 2155 998 2215 habebat.
1107 2154 1227 2214 Sed
1297 2175 1360 2214 re
1429 2175 1586 2214 nova
1654 2156 2039 2232 perturbatus

239 2252 560 2312 maioribus
618 2251 933 2310 itineribus
989 2250 1375 2328 Apolloniam
1430 2263 1632 2330 petere
1690 2253 1900 2330 coepit,
1958 2272 2037 2312 ne

238 2351 455 2411 Caesar
497 2370 633 2409 orae
676 2349 1008 2408 maritimae
1059 2350 1331 2409 civitates
1381 2356 1708 2427 occuparet.
1808 2351 1897 2408 At
1934 2349 2037 2410 ille

238 2448 523 2527 expositis
573 2446 864 2506 militibus
921 2446 1128 2506 eodem
1184 2446 1280 2507 die
1330 2447 1570 2507 Oricum
1628 2448 2032 2525 proficiscitur.

238 2546 369 2620 Quo
412 2565 545 2605 cum
590 2544 868 2615 venisset,
912 2543 979 2603 L.
1025 2543 1377 2621 Torquatus,
1425 2545 1527 2621 qui
1577 2545 1739 2603 iussu
1785 2545 2032 2622 Pompei

239 2644 458 2722 oppido
497 2650 784 2721 praeerat,
816 2649 1019 2717 portas
1058 2642 1291 2718 aperuit
1329 2649 1390 2701 et
1427 2661 1489 2701 se
1528 2649 1708 2719 atque
1746 2643 2030 2720 oppidum

239 2741 476 2802 Caesari
519 2738 765 2799 dedidit.
856 2738 1132 2815 Recepto·
1163 2739 1380 2797 Caesar
1426 2739 1602 2798 Orico
1647 2738 1812 2797 nulla
1861 2739 2036 2799 inter-

239 2840 432 2916 posita
468 2857 635 2897 mora
672 2835 1051 2914 Apolloniam
1092 2834 1501 2911 proficiscitur.
1589 2835 1730 2894 Eius
1772 2835 2035 2895 adventu

238 2936 446 2996 audito
513 2934 924 3013 Apolloniates
981 2932 1055 2991 ad
1110 2932 1422 2991 Caesarem
1494 2931 1717 3009 legatos
1784 2933 2034 2992 mittunt

239 3033 574 3110 oppidoque
606 3032 912 3108 recipiunt.
