2342 3500
294 271 363 329 16
617 268 875 327 TALES
920 268 1023 329 OF
1067 269 1235 329 THE
1278 270 1505 331 OIVIL
1549 271 1758 333 WAR.

704 454 805 497 24.
848 448 1016 497 Ratae
1038 456 1094 497 at
1115 449 1196 499 tlte
1217 449 1373 498 River
1397 450 1664 511 Bam-ada.

367 563 548 624 Curio
591 584 724 623 cum
773 564 1051 622 omnibus
1096 563 1282 641 copiis
1330 571 1545 641 quarta
1592 563 1800 641 vigilia
1840 563 2086 623 exierat.
2167 546 2180 551 -

287 661 640 740 Progressus
681 660 847 720 milia
889 681 1170 739 passuum
1213 680 1319 720 sex
1360 661 1592 738 equites
1635 662 1931 735 convenit,
1960 680 2091 720 rem
2121 706 2130 711 -

287 767 515 837 gestam
560 758 852 837 cognovit.
958 758 1209 835 Equites
1254 758 1421 835 sequi
1469 759 1638 818 iubet
1683 779 1809 818 sese
1854 758 2091 835 iterque

288 855 584 916 accelerat.
712 858 799 915 At
866 854 954 914 illi
1029 855 1245 915 itinere
1317 857 1503 915 totius
1572 856 1763 916 noctis
1835 855 2090 916 confecti

288 952 567 1030 subsequi
594 972 716 1011 non
743 958 1038 1029 poterant,
1063 958 1244 1028 atque
1271 951 1373 1010 alii
1411 951 1526 1012 alio
1553 951 1683 1011 loco
1712 951 2084 1011 resistebant.

289 1050 439 1109 Iuba
466 1050 683 1109 certior
708 1050 899 1108 factus
927 1069 962 1108 a
991 1047 1253 1108 Saburra
1280 1047 1355 1108 de
1385 1056 1678 1109 nocturno
1714 1049 1941 1127 proelio
1968 1048 2089 1108 duo

288 1147 452 1206 milia
493 1147 779 1224 equitum,
819 1153 881 1205 et
922 1146 1196 1223 peditum
1237 1165 1367 1205 eam
1411 1154 1660 1223 partem,
1693 1148 1788 1205 cui
1828 1146 2090 1206 maxime

289 1243 641 1315 confidebat,
698 1244 989 1303 Saburrae
1045 1242 1392 1317 submittit3
1460 1244 1586 1321 ipse
1656 1263 1787 1302 cum
1846 1243 2089 1320 reliquis

290 1342 473 1419 copiis
502 1341 949 1419 elephantisque
979 1340 1290 1418 sexaginta
1318 1339 1539 1399 lentius
1568 1340 1965 1418 subsequitur.

369 1438 628 1499 Saburra
670 1439 867 1516 copias
901 1437 1173 1515 equitum
1203 1437 1592 1515 peditumque
1628 1437 1875 1496 instruit
1909 1445 2089 1515 atque

289 1537 381 1596 his
423 1536 692 1614 imperat,
735 1542 803 1594 ut
840 1535 1220 1595 simulatione
1259 1536 1491 1595 timoris
1533 1536 1822 1613 paulatim
1874 1534 2090 1594 cedant

289 1654 355 1693 ac
408 1633 622 1711 pedem
669 1633 944 1691 referant.
1035 1631 1217 1692 Curio
1263 1632 1466 1691 hostes
1512 1633 1718 1711 fugere
1763 1632 2090 1692 arbitratus

289 1731 487 1809 copias
515 1750 591 1791 ex
623 1729 769 1789 locis
798 1729 1201 1807 superioribus
1230 1729 1292 1788 in
1326 1749 1598 1807 campum
1628 1730 1884 1790 deducit.
1965 1729 2090 1789 Dat

289 1829 410 1888 suis
459 1829 696 1907 signum
744 1827 1020 1900 Saburra,
1068 1827 1253 1886 aciem
1299 1827 1615 1887 constituit
1666 1835 1728 1887 et
1781 1826 2090 1887 circumire

291 1926 527 1985 ordines
590 1932 769 2002 atque
823 1923 1051 1983 hortari
1105 1923 1334 2001 incipit.
1438 1923 1580 1984 Non
1634 1924 1803 1983 deest
1849 1924 2090 2002 negotio

292 2023 474 2084 Curio
528 2042 784 2099 suosque
840 2021 1129 2081 hortatur.
1226 2020 1319 2080 Ne
1376 2020 1669 2081 militibus
1724 2021 1965 2099 quidem
2018 2028 2092 2080 ut

290 2120 550 2191 defessis
575 2139 766 2197 neque
796 2118 1114 2196 equitibuS‚
1139 2125 1209 2178 ut
1237 2119 1440 2195 paucis
1469 2126 1530 2177 et
1557 2119 1757 2178 labore
1786 2118 2084 2192 confectis,

244 2279 250 2284 ,
291 2217 557 2277 studium
612 2217 687 2276 ad
743 2216 1131 2296 pugnandum
1188 2215 1499 2292 virtusque
1554 2214 1801 2290 deerat3
1870 2216 1972 2275 sed
2027 2215 2091 2274 hi

291 2323 461 2375 erant
487 2334 737 2374 numero
759 2313 1020 2385 ducenti,
1053 2312 1268 2390 reliqui
1298 2312 1358 2370 in
1389 2312 1603 2371 itinere
1631 2313 2041 2372 substiterant.

291 2493 388 2537 2⁶.
429 2488 617 2550 Defeat
640 2487 746 2536 and
770 2486 942 2536 Death
965 2485 1029 2547 of
1045 2485 1216 2534 Curio,
1289 2485 1336 2532 A
1361 2484 1469 2544 few
1490 2484 1555 2546 of
1573 2484 1653 2533 his
1693 2485 1889 2547 Troope
1916 2501 2092 2547 escape

431 2576 480 2618 to
501 2569 676 2632 Sicily.
756 2568 862 2617 The
883 2572 984 2616 rest
1005 2567 1296 2625 surrender,
1326 2565 1392 2626 of
1410 2566 1573 2614 whom
1607 2582 1766 2628 many
1800 2581 1891 2615 are
1913 2573 2009 2629 put
2043 2573 2093 2614 co

434 2651 588 2700 death
608 2650 671 2713 by
693 2649 849 2699 Juba.

370 2757 655 2818 Hostium
705 2756 908 2833 copiae
947 2753 1260 2814 submissis
1303 2756 1378 2814 ab
1420 2774 1558 2832 rege
1601 2754 1843 2813 auxiliis
1888 2755 2093 2813 crebro

290 2856 701 2936 augebantur3
771 2860 1006 2913 nostros
1071 2851 1230 2910 vires
1298 2851 1651 2911 lassitudine
1716 2851 2087 2924 deficiebant,

290 2953 468 3012 simul
502 2952 564 3026 ii,
596 2950 700 3028 qui
729 2950 978 3009 vulnera
1015 2957 1380 3027 acceperant,
1414 2968 1607 3025 neque
1645 2949 1768 3008 acie
1806 2948 2091 3008 excedere

291 3070 483 3128 neque
538 3050 602 3108 in
657 3049 851 3107 locum
908 3055 1110 3110 tutum
1159 3046 1366 3106 referri
1415 3052 1713 3123 poterant,
1760 3046 1921 3123 quod
1962 3053 2093 3106 tota
