<?xml version="1.0" encoding="UTF-8"?>
<!DOCTYPE html PUBLIC "-//W3C//DTD XHTML 1.0 Transitional//EN"
    "http://www.w3.org/TR/xhtml1/DTD/xhtml1-transitional.dtd">
<html xmlns="http://www.w3.org/1999/xhtml" xml:lang="en" lang="en">
 <head>
  <title>
</title>
<meta http-equiv="Content-Type" content="text/html;charset=utf-8" />
  <meta name='ocr-system' content='tesseract 3.04.00' />
  <meta name='ocr-capabilities' content='ocr_page ocr_carea ocr_par ocr_line ocrx_word'/>
</head>
<body>
  <div class='ocr_page' id='page_1' title='image "./talescivilwarfr00caesgoog_0046.png"; bbox 0 0 2342 3500; ppageno 0'>
   <div class='ocr_carea' id='block_1_1' title="bbox 250 288 1720 352">
    <p class='ocr_par' dir='ltr' id='par_1_1' title="bbox 250 288 1720 352">
     <span class='ocr_line' id='line_1_1' title="bbox 250 288 1720 352; baseline -0.001 -2"><span class='ocrx_word' id='word_1_1' title='bbox 250 295 323 352; x_wconf 82' lang='lat'><strong>26</strong></span> <span class='ocrx_word' id='word_1_2' title='bbox 572 288 830 350; x_wconf 86' lang='lat' dir='ltr'><strong>TALES</strong></span> <span class='ocrx_word' id='word_1_3' title='bbox 877 288 979 349; x_wconf 89' lang='lat' dir='ltr'><strong>OF</strong></span> <span class='ocrx_word' id='word_1_4' title='bbox 1023 289 1194 349; x_wconf 86' lang='lat' dir='ltr'><strong>THE</strong></span> <span class='ocrx_word' id='word_1_5' title='bbox 1237 289 1464 351; x_wconf 82' lang='lat' dir='ltr'>OIVIL</span> <span class='ocrx_word' id='word_1_6' title='bbox 1509 288 1720 349; x_wconf 81' lang='lat' dir='ltr'><strong>WAR.</strong></span> 
     </span>
    </p>
   </div>
   <div class='ocr_carea' id='block_1_2' title="bbox 304 528 1996 593">
    <p class='ocr_par' dir='ltr' id='par_1_2' title="bbox 304 528 1996 593">
     <span class='ocr_line' id='line_1_2' title="bbox 304 528 1996 593; baseline -0.002 -13"><span class='ocrx_word' id='word_1_7' title='bbox 304 537 409 581; x_wconf 70' lang='lat'><strong>³¹7.</strong></span> <span class='ocrx_word' id='word_1_8' title='bbox 444 530 588 581; x_wconf 76' lang='lat' dir='ltr'><strong>Each</strong></span> <span class='ocrx_word' id='word_1_9' title='bbox 609 530 717 579; x_wconf 76' lang='lat' dir='ltr'><strong>side</strong></span> <span class='ocrx_word' id='word_1_10' title='bbox 741 529 862 579; x_wconf 47' lang='lat' dir='ltr'><strong>mica</strong></span> <span class='ocrx_word' id='word_1_11' title='bbox 884 537 934 580; x_wconf 82' lang='lat' dir='ltr'><strong>to</strong></span> <span class='ocrx_word' id='word_1_12' title='bbox 956 546 1124 580; x_wconf 75' lang='lat' dir='ltr'><strong>secure</strong></span> <span class='ocrx_word' id='word_1_13' title='bbox 1162 530 1388 593; x_wconf 74' lang='lat' dir='ltr'><strong>Vantaye</strong></span> <span class='ocrx_word' id='word_1_14' title='bbox 1413 529 1625 578; x_wconf 79' lang='lat' dir='ltr'><em>Ground</em></span> <span class='ocrx_word' id='word_1_15' title='bbox 1636 529 1733 591; x_wconf 83' lang='lat' dir='ltr'><strong>sor</strong></span> <span class='ocrx_word' id='word_1_16' title='bbox 1756 545 1790 578; x_wconf 81' lang='lat' dir='ltr'><strong>a</strong></span> <span class='ocrx_word' id='word_1_17' title='bbox 1815 528 1996 578; x_wconf 75' lang='lat' dir='ltr'><strong>Bactle.</strong></span> 
     </span>
    </p>
   </div>
   <div class='ocr_carea' id='block_1_3' title="bbox 251 675 2059 2601">
    <p class='ocr_par' dir='ltr' id='par_1_3' title="bbox 251 675 2059 2601">
     <span class='ocr_line' id='line_1_3' title="bbox 330 675 2050 755; baseline -0.001 -19"><span class='ocrx_word' id='word_1_18' title='bbox 330 676 420 736; x_wconf 83' lang='lat' dir='ltr'><strong>Re</strong></span> <span class='ocrx_word' id='word_1_19' title='bbox 448 677 839 737; x_wconf 88' lang='lat' dir='ltr'><strong>frumentaria</strong></span> <span class='ocrx_word' id='word_1_20' title='bbox 868 683 1219 755; x_wconf 89' lang='lat' dir='ltr'><strong>praeparata</strong></span> <span class='ocrx_word' id='word_1_21' title='bbox 1246 675 1725 753; x_wconf 90' lang='lat' dir='ltr'><strong>confirmatisque</strong></span> <span class='ocrx_word' id='word_1_22' title='bbox 1757 675 2050 734; x_wconf 73' lang='lat' dir='ltr'><strong>militibus</strong></span> 
     </span>
     <span class='ocr_line' id='line_1_4' title="bbox 252 772 2051 854; baseline -0.002 -20"><span class='ocrx_word' id='word_1_23' title='bbox 252 774 669 854; x_wconf 89' lang='lat' dir='ltr'><strong>temptandum</strong></span> <span class='ocrx_word' id='word_1_24' title='bbox 713 773 930 834; x_wconf 80' lang='lat' dir='ltr'><strong>Caesar</strong></span> <span class='ocrx_word' id='word_1_25' title='bbox 972 773 1358 845; x_wconf 88' lang='lat' dir='ltr'><strong>existimavit,</strong></span> <span class='ocrx_word' id='word_1_26' title='bbox 1404 772 1688 851; x_wconf 85' lang='lat' dir='ltr'><strong>quidnam</strong></span> <span class='ocrx_word' id='word_1_27' title='bbox 1734 772 2051 850; x_wconf 91' lang='lat' dir='ltr'><strong>Pompeius</strong></span> 
     </span>
     <span class='ocr_line' id='line_1_5' title="bbox 251 868 2049 951; baseline -0.002 -19"><span class='ocrx_word' id='word_1_28' title='bbox 251 871 542 951; x_wconf 80' lang='lat' dir='ltr'><strong>propositi</strong></span> <span class='ocrx_word' id='word_1_29' title='bbox 607 880 711 931; x_wconf 89' lang='lat' dir='ltr'><strong>aut</strong></span> <span class='ocrx_word' id='word_1_30' title='bbox 773 869 1100 931; x_wconf 87' lang='lat' dir='ltr'><strong>voluntatis</strong></span> <span class='ocrx_word' id='word_1_31' title='bbox 1164 870 1240 929; x_wconf 90' lang='lat' dir='ltr'><strong>ad</strong></span> <span class='ocrx_word' id='word_1_32' title='bbox 1308 868 1716 930; x_wconf 90' lang='lat' dir='ltr'><strong>dimicandum</strong></span> <span class='ocrx_word' id='word_1_33' title='bbox 1782 869 2049 930; x_wconf 87' lang='lat' dir='ltr'><strong>haberet.</strong></span> 
     </span>
     <span class='ocr_line' id='line_1_6' title="bbox 252 967 2053 1047; baseline -0.001 -18"><span class='ocrx_word' id='word_1_34' title='bbox 252 969 464 1047; x_wconf 88' lang='lat' dir='ltr'><strong>Itaque</strong></span> <span class='ocrx_word' id='word_1_35' title='bbox 488 989 563 1029; x_wconf 86' lang='lat' dir='ltr'><strong>ex</strong></span> <span class='ocrx_word' id='word_1_36' title='bbox 585 969 792 1028; x_wconf 89' lang='lat' dir='ltr'><strong>castris</strong></span> <span class='ocrx_word' id='word_1_37' title='bbox 815 969 1144 1028; x_wconf 86' lang='lat' dir='ltr'><strong>exercitum</strong></span> <span class='ocrx_word' id='word_1_38' title='bbox 1174 967 1386 1028; x_wconf 88' lang='lat' dir='ltr'><strong>eduxit</strong></span> <span class='ocrx_word' id='word_1_39' title='bbox 1415 968 1716 1045; x_wconf 82' lang='lat' dir='ltr'><strong>aciemque</strong></span> <span class='ocrx_word' id='word_1_40' title='bbox 1744 968 2053 1027; x_wconf 74' lang='lat' dir='ltr'><strong>instruxit.</strong></span> 
     </span>
     <span class='ocr_line' id='line_1_7' title="bbox 254 1063 2054 1144; baseline -0.002 -18"><span class='ocrx_word' id='word_1_41' title='bbox 254 1066 589 1144; x_wconf 77' lang='lat' dir='ltr'><strong>PompeiuS,</strong></span> <span class='ocrx_word' id='word_1_42' title='bbox 643 1066 745 1143; x_wconf 91' lang='lat' dir='ltr'><strong>qui</strong></span> <span class='ocrx_word' id='word_1_43' title='bbox 802 1073 994 1125; x_wconf 89' lang='lat' dir='ltr'><strong>castra</strong></span> <span class='ocrx_word' id='word_1_44' title='bbox 1041 1065 1104 1124; x_wconf 89' lang='lat' dir='ltr'><strong>in</strong></span> <span class='ocrx_word' id='word_1_45' title='bbox 1155 1064 1303 1124; x_wconf 92' lang='lat' dir='ltr'><strong>colle</strong></span> <span class='ocrx_word' id='word_1_46' title='bbox 1358 1064 1633 1139; x_wconf 87' lang='lat' dir='ltr'><strong>habebat,</strong></span> <span class='ocrx_word' id='word_1_47' title='bbox 1686 1063 1762 1123; x_wconf 75' lang='lat' dir='ltr'><strong>ad</strong></span> <span class='ocrx_word' id='word_1_48' title='bbox 1818 1064 2054 1123; x_wconf 90' lang='lat' dir='ltr'><strong>infimas</strong></span> 
     </span>
     <span class='ocr_line' id='line_1_8' title="bbox 254 1160 2049 1239; baseline -0.002 -16"><span class='ocrx_word' id='word_1_49' title='bbox 254 1163 480 1224; x_wconf 81' lang='lat' dir='ltr'><strong>radices</strong></span> <span class='ocrx_word' id='word_1_50' title='bbox 508 1163 729 1222; x_wconf 90' lang='lat' dir='ltr'><strong>montis</strong></span> <span class='ocrx_word' id='word_1_51' title='bbox 759 1162 942 1222; x_wconf 84' lang='lat' dir='ltr'><strong>aciem</strong></span> <span class='ocrx_word' id='word_1_52' title='bbox 972 1161 1325 1234; x_wconf 89' lang='lat' dir='ltr'><strong>instruebat,</strong></span> <span class='ocrx_word' id='word_1_53' title='bbox 1353 1180 1599 1239; x_wconf 87' lang='lat' dir='ltr'><strong>semper,</strong></span> <span class='ocrx_word' id='word_1_54' title='bbox 1624 1168 1694 1221; x_wconf 91' lang='lat' dir='ltr'><strong>ut</strong></span> <span class='ocrx_word' id='word_1_55' title='bbox 1714 1160 2049 1235; x_wconf 87' lang='lat' dir='ltr'><strong>videbatur,</strong></span> 
     </span>
     <span class='ocr_line' id='line_1_9' title="bbox 255 1257 2046 1339; baseline -0.002 -19"><span class='ocrx_word' id='word_1_56' title='bbox 255 1267 620 1339; x_wconf 75' lang='lat' dir='ltr'><strong>exspectanS‚</strong></span> <span class='ocrx_word' id='word_1_57' title='bbox 693 1260 743 1318; x_wconf 90' lang='lat' dir='ltr'><strong>si</strong></span> <span class='ocrx_word' id='word_1_58' title='bbox 820 1259 1040 1337; x_wconf 88' lang='lat' dir='ltr'><strong>iniquis</strong></span> <span class='ocrx_word' id='word_1_59' title='bbox 1110 1258 1255 1318; x_wconf 89' lang='lat' dir='ltr'><strong>locis</strong></span> <span class='ocrx_word' id='word_1_60' title='bbox 1324 1257 1542 1318; x_wconf 83' lang='lat' dir='ltr'><strong>Caesar</strong></span> <span class='ocrx_word' id='word_1_61' title='bbox 1609 1277 1672 1317; x_wconf 95' lang='lat' dir='ltr'><strong>se</strong></span> <span class='ocrx_word' id='word_1_62' title='bbox 1740 1258 2046 1317; x_wconf 87' lang='lat' dir='ltr'><strong>subiceret.</strong></span> 
     </span>
     <span class='ocr_line' id='line_1_10' title="bbox 255 1354 2053 1434; baseline -0.003 -16"><span class='ocrx_word' id='word_1_63' title='bbox 255 1357 469 1418; x_wconf 82' lang='lat' dir='ltr'><strong>Caesar</strong></span> <span class='ocrx_word' id='word_1_64' title='bbox 497 1355 662 1416; x_wconf 91' lang='lat' dir='ltr'><strong>nulla</strong></span> <span class='ocrx_word' id='word_1_65' title='bbox 691 1355 920 1416; x_wconf 88' lang='lat' dir='ltr'><strong>ratione</strong></span> <span class='ocrx_word' id='word_1_66' title='bbox 950 1355 1027 1415; x_wconf 90' lang='lat' dir='ltr'><strong>ad</strong></span> <span class='ocrx_word' id='word_1_67' title='bbox 1055 1375 1318 1434; x_wconf 85' lang='lat' dir='ltr'><strong>pugnam</strong></span> <span class='ocrx_word' id='word_1_68' title='bbox 1342 1354 1473 1415; x_wconf 90' lang='lat' dir='ltr'><strong>elici</strong></span> <span class='ocrx_word' id='word_1_69' title='bbox 1501 1374 1672 1433; x_wconf 89' lang='lat' dir='ltr'><strong>posse</strong></span> <span class='ocrx_word' id='word_1_70' title='bbox 1702 1354 2053 1433; x_wconf 90' lang='lat' dir='ltr'><strong>Pompeium</strong></span> 
     </span>
     <span class='ocr_line' id='line_1_11' title="bbox 255 1451 2053 1528; baseline -0.002 -14"><span class='ocrx_word' id='word_1_71' title='bbox 255 1454 621 1528; x_wconf 87' lang='lat' dir='ltr'><strong>existimans,</strong></span> <span class='ocrx_word' id='word_1_72' title='bbox 659 1454 811 1513; x_wconf 90' lang='lat' dir='ltr'><strong>hanc</strong></span> <span class='ocrx_word' id='word_1_73' title='bbox 851 1453 964 1511; x_wconf 89' lang='lat' dir='ltr'><strong>sibi</strong></span> <span class='ocrx_word' id='word_1_74' title='bbox 1003 1451 1542 1512; x_wconf 89' lang='lat' dir='ltr'><strong>commodissimam</strong></span> <span class='ocrx_word' id='word_1_75' title='bbox 1580 1451 1722 1511; x_wconf 91' lang='lat' dir='ltr'><strong>belli</strong></span> <span class='ocrx_word' id='word_1_76' title='bbox 1760 1452 2053 1511; x_wconf 88' lang='lat' dir='ltr'><strong>rationem</strong></span> 
     </span>
     <span class='ocr_line' id='line_1_12' title="bbox 253 1548 2054 1625; baseline -0.002 -14"><span class='ocrx_word' id='word_1_77' title='bbox 253 1551 558 1625; x_wconf 87' lang='lat' dir='ltr'><strong>iudicavit,</strong></span> <span class='ocrx_word' id='word_1_78' title='bbox 588 1551 682 1610; x_wconf 84' lang='lat' dir='ltr'><strong>uti</strong></span> <span class='ocrx_word' id='word_1_79' title='bbox 720 1557 911 1609; x_wconf 89' lang='lat' dir='ltr'><strong>castra</strong></span> <span class='ocrx_word' id='word_1_80' title='bbox 950 1569 1025 1609; x_wconf 85' lang='lat' dir='ltr'><strong>ex</strong></span> <span class='ocrx_word' id='word_1_81' title='bbox 1063 1569 1131 1609; x_wconf 91' lang='lat' dir='ltr'><strong>eo</strong></span> <span class='ocrx_word' id='word_1_82' title='bbox 1169 1549 1299 1609; x_wconf 89' lang='lat' dir='ltr'><strong>loco</strong></span> <span class='ocrx_word' id='word_1_83' title='bbox 1337 1556 1607 1609; x_wconf 91' lang='lat' dir='ltr'><strong>moveret</strong></span> <span class='ocrx_word' id='word_1_84' title='bbox 1645 1556 1707 1608; x_wconf 94' lang='lat' dir='ltr'><strong>et</strong></span> <span class='ocrx_word' id='word_1_85' title='bbox 1744 1548 2054 1608; x_wconf 89' lang='lat' dir='ltr'><strong>insolitum</strong></span> 
     </span>
     <span class='ocr_line' id='line_1_13' title="bbox 255 1645 2055 1724; baseline -0.002 -16"><span class='ocrx_word' id='word_1_86' title='bbox 255 1647 332 1708; x_wconf 91' lang='lat' dir='ltr'><strong>ad</strong></span> <span class='ocrx_word' id='word_1_87' title='bbox 378 1647 640 1707; x_wconf 90' lang='lat' dir='ltr'><strong>laborem</strong></span> <span class='ocrx_word' id='word_1_88' title='bbox 693 1646 940 1724; x_wconf 88' lang='lat' dir='ltr'><strong>Pompei</strong></span> <span class='ocrx_word' id='word_1_89' title='bbox 988 1646 1317 1705; x_wconf 89' lang='lat' dir='ltr'><strong>exercitum</strong></span> <span class='ocrx_word' id='word_1_90' title='bbox 1373 1645 1686 1705; x_wconf 86' lang='lat' dir='ltr'><strong>cotidianis</strong></span> <span class='ocrx_word' id='word_1_91' title='bbox 1741 1645 2055 1705; x_wconf 88' lang='lat' dir='ltr'><strong>itineribus</strong></span> 
     </span>
     <span class='ocr_line' id='line_1_14' title="bbox 256 1742 2056 1825; baseline -0.001 -20"><span class='ocrx_word' id='word_1_92' title='bbox 256 1744 629 1825; x_wconf 85' lang='lat' dir='ltr'><strong>defatigaret.</strong></span> <span class='ocrx_word' id='word_1_93' title='bbox 718 1742 831 1803; x_wconf 90' lang='lat' dir='ltr'><strong>His</strong></span> <span class='ocrx_word' id='word_1_94' title='bbox 870 1742 1214 1803; x_wconf 84' lang='lat' dir='ltr'><strong>constitutis</strong></span> <span class='ocrx_word' id='word_1_95' title='bbox 1252 1743 1443 1815; x_wconf 91' lang='lat' dir='ltr'><strong>rebus,</strong></span> <span class='ocrx_word' id='word_1_96' title='bbox 1476 1742 1644 1821; x_wconf 86' lang='lat' dir='ltr'><strong>signo</strong></span> <span class='ocrx_word' id='word_1_97' title='bbox 1678 1742 1798 1802; x_wconf 89' lang='lat' dir='ltr'><strong>iam</strong></span> <span class='ocrx_word' id='word_1_98' title='bbox 1835 1742 2056 1821; x_wconf 88' lang='lat' dir='ltr'><strong>profec-</strong></span> 
     </span>
     <span class='ocr_line' id='line_1_15' title="bbox 256 1840 2055 1902; baseline -0.002 0"><span class='ocrx_word' id='word_1_99' title='bbox 256 1843 439 1902; x_wconf 90' lang='lat' dir='ltr'><strong>tionis</strong></span> <span class='ocrx_word' id='word_1_100' title='bbox 481 1841 623 1901; x_wconf 89' lang='lat' dir='ltr'><strong>dato</strong></span> <span class='ocrx_word' id='word_1_101' title='bbox 669 1842 937 1900; x_wconf 90' lang='lat' dir='ltr'><strong>animum</strong></span> <span class='ocrx_word' id='word_1_102' title='bbox 979 1840 1298 1900; x_wconf 90' lang='lat' dir='ltr'><strong>adversum</strong></span> <span class='ocrx_word' id='word_1_103' title='bbox 1342 1847 1433 1900; x_wconf 90' lang='lat' dir='ltr'><strong>est</strong></span> <span class='ocrx_word' id='word_1_104' title='bbox 1477 1849 1650 1900; x_wconf 87' lang='lat' dir='ltr'><strong>extra</strong></span> <span class='ocrx_word' id='word_1_105' title='bbox 1694 1840 2055 1900; x_wconf 89' lang='lat' dir='ltr'><strong>cotidianam</strong></span> 
     </span>
     <span class='ocr_line' id='line_1_16' title="bbox 258 1937 2058 2016; baseline -0.002 -17"><span class='ocrx_word' id='word_1_106' title='bbox 258 1938 749 2000; x_wconf 89' lang='lat' dir='ltr'><strong>consuetudinem</strong></span> <span class='ocrx_word' id='word_1_107' title='bbox 805 1937 1039 2016; x_wconf 87' lang='lat' dir='ltr'><strong>longius</strong></span> <span class='ocrx_word' id='word_1_108' title='bbox 1090 1957 1125 1997; x_wconf 94' lang='lat' dir='ltr'><strong>a</strong></span> <span class='ocrx_word' id='word_1_109' title='bbox 1171 1937 1329 1997; x_wconf 84' lang='lat' dir='ltr'><strong>vallo</strong></span> <span class='ocrx_word' id='word_1_110' title='bbox 1386 1957 1513 1998; x_wconf 89' lang='lat' dir='ltr'><strong>esse</strong></span> <span class='ocrx_word' id='word_1_111' title='bbox 1568 1938 1752 1997; x_wconf 87' lang='lat' dir='ltr'><strong>aciem</strong></span> <span class='ocrx_word' id='word_1_112' title='bbox 1808 1937 2058 2015; x_wconf 89' lang='lat' dir='ltr'><strong>Pompei</strong></span> 
     </span>
     <span class='ocr_line' id='line_1_17' title="bbox 259 2033 2059 2115; baseline -0.001 -20"><span class='ocrx_word' id='word_1_113' title='bbox 259 2055 643 2115; x_wconf 86' lang='lat' dir='ltr'><strong>progressam,</strong></span> <span class='ocrx_word' id='word_1_114' title='bbox 680 2042 750 2094; x_wconf 91' lang='lat' dir='ltr'><strong>ut</strong></span> <span class='ocrx_word' id='word_1_115' title='bbox 790 2055 913 2095; x_wconf 88' lang='lat' dir='ltr'><strong>non</strong></span> <span class='ocrx_word' id='word_1_116' title='bbox 955 2034 1163 2111; x_wconf 92' lang='lat' dir='ltr'><strong>iniquo</strong></span> <span class='ocrx_word' id='word_1_117' title='bbox 1205 2034 1334 2094; x_wconf 93' lang='lat' dir='ltr'><strong>loco</strong></span> <span class='ocrx_word' id='word_1_118' title='bbox 1374 2054 1546 2112; x_wconf 90' lang='lat' dir='ltr'><strong>posse</strong></span> <span class='ocrx_word' id='word_1_119' title='bbox 1588 2033 1856 2094; x_wconf 90' lang='lat' dir='ltr'><strong>dimicari</strong></span> <span class='ocrx_word' id='word_1_120' title='bbox 1898 2035 2059 2094; x_wconf 88' lang='lat' dir='ltr'><strong>vide-</strong></span> 
     </span>
     <span class='ocr_line' id='line_1_18' title="bbox 258 2130 2058 2209; baseline -0.002 -15"><span class='ocrx_word' id='word_1_121' title='bbox 258 2143 439 2195; x_wconf 88' lang='lat' dir='ltr'><strong>retur.</strong></span> <span class='ocrx_word' id='word_1_122' title='bbox 533 2133 702 2192; x_wconf 91' lang='lat' dir='ltr'><strong>Tunc</strong></span> <span class='ocrx_word' id='word_1_123' title='bbox 751 2132 970 2192; x_wconf 82' lang='lat' dir='ltr'><strong>Caesar</strong></span> <span class='ocrx_word' id='word_1_124' title='bbox 1018 2130 1179 2209; x_wconf 88' lang='lat' dir='ltr'><strong>apud</strong></span> <span class='ocrx_word' id='word_1_125' title='bbox 1228 2151 1380 2205; x_wconf 80' lang='lat' dir='ltr'><strong>suOS,</strong></span> <span class='ocrx_word' id='word_1_126' title='bbox 1438 2130 1883 2191; x_wconf 85' lang='lat' dir='ltr'><strong>‘Differendum</strong></span> <span class='ocrx_word' id='word_1_127' title='bbox 1932 2133 2058 2203; x_wconf 89' lang='lat' dir='ltr'><strong>est,&#39;</strong></span> 
     </span>
     <span class='ocr_line' id='line_1_19' title="bbox 259 2227 2055 2309; baseline -0.002 -19"><span class='ocrx_word' id='word_1_128' title='bbox 259 2232 471 2309; x_wconf 92' lang='lat' dir='ltr'><strong>inquit,</strong></span> <span class='ocrx_word' id='word_1_129' title='bbox 523 2232 673 2289; x_wconf 89' lang='lat' dir='ltr'><strong>‘iter</strong></span> <span class='ocrx_word' id='word_1_130' title='bbox 716 2230 779 2288; x_wconf 91' lang='lat' dir='ltr'><strong>in</strong></span> <span class='ocrx_word' id='word_1_131' title='bbox 826 2228 1160 2307; x_wconf 90' lang='lat' dir='ltr'><strong>praesentia</strong></span> <span class='ocrx_word' id='word_1_132' title='bbox 1204 2228 1375 2287; x_wconf 90' lang='lat' dir='ltr'><strong>nobis</strong></span> <span class='ocrx_word' id='word_1_133' title='bbox 1420 2235 1482 2287; x_wconf 90' lang='lat' dir='ltr'><strong>et</strong></span> <span class='ocrx_word' id='word_1_134' title='bbox 1523 2227 1597 2288; x_wconf 89' lang='lat' dir='ltr'><strong>de</strong></span> <span class='ocrx_word' id='word_1_135' title='bbox 1637 2228 1862 2307; x_wconf 90' lang='lat' dir='ltr'><strong>proelio</strong></span> <span class='ocrx_word' id='word_1_136' title='bbox 1908 2229 2055 2307; x_wconf 88' lang='lat' dir='ltr'><strong>cogi-</strong></span> 
     </span>
     <span class='ocr_line' id='line_1_20' title="bbox 261 2324 2057 2404; baseline -0.003 -16"><span class='ocrx_word' id='word_1_137' title='bbox 261 2328 525 2388; x_wconf 88' lang='lat' dir='ltr'><strong>tandum.</strong></span> <span class='ocrx_word' id='word_1_138' title='bbox 612 2326 835 2386; x_wconf 93' lang='lat' dir='ltr'><strong>Animo</strong></span> <span class='ocrx_word' id='word_1_139' title='bbox 881 2326 1061 2384; x_wconf 89' lang='lat' dir='ltr'><strong>simus</strong></span> <span class='ocrx_word' id='word_1_140' title='bbox 1104 2324 1180 2384; x_wconf 88' lang='lat' dir='ltr'><strong>ad</strong></span> <span class='ocrx_word' id='word_1_141' title='bbox 1223 2324 1628 2384; x_wconf 88' lang='lat' dir='ltr'><strong>dimicandum</strong></span> <span class='ocrx_word' id='word_1_142' title='bbox 1666 2325 1893 2404; x_wconf 87' lang='lat' dir='ltr'><strong>parati:</strong></span> <span class='ocrx_word' id='word_1_143' title='bbox 1937 2345 2057 2384; x_wconf 89' lang='lat' dir='ltr'><strong>non</strong></span> 
     </span>
     <span class='ocr_line' id='line_1_21' title="bbox 259 2422 2058 2500; baseline -0.003 -15"><span class='ocrx_word' id='word_1_144' title='bbox 259 2426 429 2486; x_wconf 89' lang='lat' dir='ltr'><strong>facile</strong></span> <span class='ocrx_word' id='word_1_145' title='bbox 471 2424 837 2484; x_wconf 90' lang='lat' dir='ltr'><strong>occasionem</strong></span> <span class='ocrx_word' id='word_1_146' title='bbox 886 2428 1094 2500; x_wconf 89' lang='lat' dir='ltr'><strong>postea</strong></span> <span class='ocrx_word' id='word_1_147' title='bbox 1141 2423 1535 2500; x_wconf 90' lang='lat' dir='ltr'><strong>reperiemus’</strong></span> <span class='ocrx_word' id='word_1_148' title='bbox 1555 2444 1572 2494; x_wconf 79' lang='lat'>3</span> <span class='ocrx_word' id='word_1_149' title='bbox 1629 2422 2058 2499; x_wconf 88' lang='lat' dir='ltr'><strong>confestimque</strong></span> 
     </span>
     <span class='ocr_line' id='line_1_22' title="bbox 260 2518 1034 2601; baseline -0.009 -17"><span class='ocrx_word' id='word_1_150' title='bbox 260 2522 568 2601; x_wconf 87' lang='lat' dir='ltr'><strong>expeditas</strong></span> <span class='ocrx_word' id='word_1_151' title='bbox 597 2520 792 2598; x_wconf 87' lang='lat' dir='ltr'><strong>copias</strong></span> <span class='ocrx_word' id='word_1_152' title='bbox 821 2518 1034 2579; x_wconf 88' lang='lat' dir='ltr'><strong>educit.</strong></span> 
     </span>
    </p>
   </div>
   <div class='ocr_carea' id='block_1_4' title="bbox 804 2822 1514 2887">
    <p class='ocr_par' dir='ltr' id='par_1_4' title="bbox 804 2822 1514 2887">
     <span class='ocr_line' id='line_1_23' title="bbox 804 2822 1514 2887; baseline 0.001 -14"><span class='ocrx_word' id='word_1_153' title='bbox 804 2832 903 2873; x_wconf 76' lang='grc'><strong>88.</strong></span> <span class='ocrx_word' id='word_1_154' title='bbox 946 2825 1114 2873; x_wconf 66' lang='lat' dir='ltr'><strong>Baetae</strong></span> <span class='ocrx_word' id='word_1_155' title='bbox 1138 2825 1204 2887; x_wconf 91' lang='lat' dir='ltr'><strong>of</strong></span> <span class='ocrx_word' id='word_1_156' title='bbox 1218 2822 1514 2874; x_wconf 76' lang='lat' dir='ltr'><strong>Pharsalia.</strong></span> 
     </span>
    </p>
   </div>
   <div class='ocr_carea' id='block_1_5' title="bbox 260 2967 2060 3146">
    <p class='ocr_par' dir='ltr' id='par_1_5' title="bbox 260 2967 2060 3146">
     <span class='ocr_line' id='line_1_24' title="bbox 341 2967 2060 3047; baseline -0.008 -11"><span class='ocrx_word' id='word_1_157' title='bbox 341 2978 509 3036; x_wconf 89' lang='lat' dir='ltr'><strong>Inter</strong></span> <span class='ocrx_word' id='word_1_158' title='bbox 556 2976 706 3045; x_wconf 86' lang='lat' dir='ltr'><strong>duas</strong></span> <span class='ocrx_word' id='word_1_159' title='bbox 754 2976 907 3035; x_wconf 89' lang='lat' dir='ltr'><strong>acies</strong></span> <span class='ocrx_word' id='word_1_160' title='bbox 955 2981 1194 3032; x_wconf 87' lang='lat' dir='ltr'><strong>tantum</strong></span> <span class='ocrx_word' id='word_1_161' title='bbox 1241 2980 1371 3031; x_wconf 84' lang='lat' dir='ltr'><strong>erat</strong></span> <span class='ocrx_word' id='word_1_162' title='bbox 1421 2971 1694 3032; x_wconf 81' lang='lat' dir='ltr'><strong>relictum</strong></span> <span class='ocrx_word' id='word_1_163' title='bbox 1743 2967 1942 3047; x_wconf 87' lang='lat' dir='ltr'><strong>spatii,</strong></span> <span class='ocrx_word' id='word_1_164' title='bbox 1986 2971 2060 3023; x_wconf 90' lang='lat' dir='ltr'><strong>ut</strong></span> 
     </span>
     <span class='ocr_line' id='line_1_25' title="bbox 260 3061 2055 3146; baseline -0.007 -14"><span class='ocrx_word' id='word_1_165' title='bbox 260 3075 405 3134; x_wconf 85' lang='lat' dir='ltr'><strong>satis</strong></span> <span class='ocrx_word' id='word_1_166' title='bbox 455 3081 610 3134; x_wconf 90' lang='lat' dir='ltr'><strong>esset</strong></span> <span class='ocrx_word' id='word_1_167' title='bbox 658 3072 734 3131; x_wconf 90' lang='lat' dir='ltr'><strong>ad</strong></span> <span class='ocrx_word' id='word_1_168' title='bbox 782 3089 1131 3130; x_wconf 89' lang='lat' dir='ltr'><strong>concursum</strong></span> <span class='ocrx_word' id='word_1_169' title='bbox 1180 3069 1492 3146; x_wconf 87' lang='lat' dir='ltr'><strong>utriusque</strong></span> <span class='ocrx_word' id='word_1_170' title='bbox 1542 3068 1851 3127; x_wconf 83' lang='lat' dir='ltr'><strong>exercitus.</strong></span> <span class='ocrx_word' id='word_1_171' title='bbox 1941 3061 2055 3122; x_wconf 86' lang='lat' dir='ltr'><strong>Sed</strong></span> 
     </span>
    </p>
   </div>
   <div class='ocr_carea' id='block_1_6' title="bbox 2323 1124 2329 1703">
    <p class='ocr_par' dir='ltr' id='par_1_6' title="bbox 2323 1124 2329 1703">
     <span class='ocr_line' id='line_1_26' title="bbox 2323 1124 2329 1703; baseline 0 0"><span class='ocrx_word' id='word_1_172' title='bbox 2323 1124 2329 1703; x_wconf 95' lang='lat' dir='ltr'><strong> </strong></span> 
     </span>
    </p>
   </div>
  </div>
 </body>
</html>
