2342 3500
309 299 384 357 14
635 297 894 358 TALES
936 297 1040 358 OF
1082 297 1251 357 THE
1293 296 1520 358 CIVIL
1562 297 1769 359 WAR.

304 465 623 519 venturum
685 459 1099 536 praemisisset,
1160 459 1378 519 certior
1438 460 1512 519 ab
1575 459 1697 519 suis
1760 460 1952 529 factus
2007 466 2102 521 est

305 556 639 633 praeclusas
681 574 806 614 esse
850 562 1066 634 portas.
1153 556 1308 614 Tum
1352 575 1494 616 vero
1537 557 1698 615 omni
1741 556 2100 616 interclusus

303 655 518 714 itinere
547 652 622 712 ad
652 654 964 713 Caesarem
993 653 1202 725 mittit,
1234 659 1511 730 paratum
1540 673 1601 712 se
1632 673 1758 712 esse
1785 652 2097 732 legionem,

303 750 399 810 cui
431 750 687 822 iusserit,
719 750 969 808 tradere.
1058 749 1167 809 Ille
1202 749 1279 809 ad
1321 769 1457 809 eum
1496 748 1750 809 Sextum
1785 749 2097 810 Caesarem

302 848 495 907 mittit
522 854 703 925 atque
733 847 870 905 huic
899 845 1059 905 tradi
1086 847 1273 906 iubet.

384 945 615 1016 Caesar,
647 943 750 1021 qui
787 944 1171 1022 magistratus
1207 943 1620 1020 principesque
1654 943 1923 1003 omnium
1961 943 2099 1003 civi-

304 1048 497 1101 tatum
559 1041 672 1101 sibi
736 1060 864 1101 esse
928 1047 1166 1118 praesto
1225 1040 1495 1111 iusserat,
1553 1040 1834 1100 contione
1890 1040 2099 1100 habita

302 1138 577 1199 omnibus
618 1138 843 1217 gratias
886 1138 1025 1216 agit,
1070 1136 1443 1213 biduumque
1492 1136 1806 1196 Cordubae
1846 1156 2099 1197 commo-

302 1243 466 1295 ratus
523 1234 722 1295 Gades
778 1233 1188 1313 proficiscitur.
1295 1233 1644 1293 Provinciae
1700 1233 1770 1308 Q.
1828 1232 2097 1293 Cassium

298 1332 584 1412 praeficit.
670 1330 807 1411 Ipse
835 1331 1231 1391 Tarraconem
1267 1337 1329 1390 et
1366 1329 1509 1389 inde
1537 1329 1880 1390 Narbonem
1918 1338 2097 1407 atque

300 1429 629 1490 Massiliam
679 1427 974 1506 pervenit.
1076 1427 1173 1486 Ibi
1222 1426 1416 1504 legem
1459 1425 1533 1486 de
1576 1425 1866 1486 dictatore
1913 1426 2098 1486 latam

299 1546 545 1605 seseque
602 1526 961 1586 dictatorem
1024 1523 1254 1583 dictum
1312 1543 1348 1582 a
1401 1522 1483 1581 M.
1545 1522 1771 1600 Lepido
1826 1530 2097 1600 praetore

299 1623 614 1703 cognoscit.

784 1794 885 1837 22.
925 1786 1214 1836 Sur-render
1235 1786 1301 1848 of
1313 1786 1616 1836 Mar-seille&

376 1904 542 1963 Dum
595 1903 740 1963 haec
795 1901 858 1961 in
916 1901 1212 1980 Hispania
1267 1907 1574 1978 geruntur,
1635 1899 1701 1959 G.
1760 1898 2094 1959 Trebonius

296 2001 541 2080 legatuS‚
602 1999 704 2077 qui
768 1998 842 2059 ad
916 1997 1425 2078 oppugnationem
1487 1995 1792 2056 Massiliae
1853 1995 2095 2055 relictus

295 2103 440 2168 erat,
485 2096 717 2156 duabus
760 2116 835 2156 ex
882 2096 1154 2174 partibus
1196 2115 1489 2175 aggerem,
1536 2094 1739 2154 vineas
1781 2102 2094 2170 turresque

294 2194 370 2255 ad
418 2194 706 2273 oppidum
747 2213 923 2270 agere
971 2192 1255 2251 instituit.
1342 2190 1479 2252 “Sed
1530 2190 1685 2250 tanti
1728 2197 1900 2250 erant
1946 2191 2096 2249 anti·

292 2292 497 2369 quitus
534 2291 598 2350 in
626 2289 848 2368 oppido
878 2288 1142 2350 omnium
1172 2307 1374 2347 rerum
1404 2287 1481 2347 ad
1517 2286 1741 2347 bellum
1770 2295 2094 2364 apparatus

293 2395 578 2466 tantaque
648 2385 979 2446 multitudo
1049 2392 1506 2458 tormentorum,
1566 2391 1636 2443 ut
1705 2403 1912 2443 eorum
1969 2385 2094 2445 vim

290 2483 487 2544 nullae
527 2490 843 2544 contextae
878 2481 1205 2541 viminibus
1244 2482 1452 2541 vineae
1493 2480 1787 2540 sustinere
1830 2488 2093 2559 possent.

290 2581 557 2641 Tandem
606 2587 803 2639 autem
855 2578 1259 2638 Massilienses
1305 2578 1582 2638 omnibus
1631 2577 1848 2636 defessi
1900 2577 2088 2651 malis,

285 2679 373 2739 rei
421 2677 846 2737 frumentariae
895 2674 972 2734 ad
1024 2694 1316 2734 summam
1364 2675 1630 2752 inopiam
1680 2673 1943 2747 adducti,
1997 2674 2088 2734 bis

285 2773 510 2853 proelio
573 2772 770 2833 navali
841 2772 1121 2849 superati,
1183 2771 1401 2830 crebris
1465 2770 1882 2849 eruptionibus
1949 2770 2084 2843 fusi,

284 2872 452 2951 gravi
503 2871 683 2930 etiam
731 2868 1075 2947 pestilentia
1122 2867 1464 2940 conflictati,
1515 2887 1640 2927 sese
1691 2866 1908 2927 dedere
1954 2886 2084 2927 con·

283 2968 561 3028 stituunt.
650 2966 770 3026 Sed
815 2965 1017 3043 paucis
1059 2972 1200 3025 ante
1244 2964 1455 3025 diebus
1496 2963 1563 3024 L.
1608 2963 1913 3023 Domitius
1955 2983 2084 3043 cog—

283 3065 412 3123 nita
458 3063 920 3123 Massiliensium
969 3062 1281 3121 voluntate
1336 3080 1520 3120 naves
1569 3067 1692 3120 tres
1742 3080 2083 3139 comparav-
