2342 3500
608 273 866 335 TALES
909 275 1012 335 OF
1055 275 1222 336 THE
1268 277 1494 337 CIVIL
1542 278 1747 339 WAR.
2039 282 2074 339 3

361 433 615 494 Iniurias
645 435 1020 495 inimicorum
1046 436 1111 496 in
1139 457 1202 497 se
1230 446 1671 499 commemorat.

361 530 749 591 Conclamant
788 532 1037 611 legionis
1078 534 1290 594 tertiae
1332 534 1611 609 decimae,
1658 556 1807 614 quae
1849 537 2070 610 aderat,

280 628 516 702 milites,
576 649 701 689 sese
754 636 993 708 paratos
1048 651 1174 691 esse
1229 631 1604 710 imperatoris
1665 633 1758 693 sui
1824 634 2071 694 iniurias

278 725 612 786 defendere.

486 945 544 987 ⁵.
613 936 806 987 Caesar
826 939 988 988 leaves
1010 939 1090 988 his
1113 939 1361 990 Province
1384 942 1491 990 and
1514 948 1675 990 enters
1697 942 1860 1006 Italy.

359 1059 614 1140 Cognita
645 1061 904 1120 militum
945 1062 1257 1121 voluntate
1295 1061 1512 1122 Caesar
1552 1062 1895 1123 Ariminum
1936 1085 2071 1125 cum

278 1176 347 1216 ea
371 1156 608 1236 legione
633 1159 1042 1236 proficiscitur.
1453 1172 1460 1178 ·

356 1254 640 1333 Reliquas
689 1254 951 1334 legiones
1001 1275 1075 1315 ex
1121 1255 1388 1316 hibernis
1433 1263 1641 1316 evocat
1690 1265 1751 1317 et
1792 1258 2071 1337 subsequi

274 1352 456 1412 iubet.

355 1449 454 1509 Ab
480 1449 757 1509 Arimino
785 1449 870 1510 M.
903 1451 1237 1510 Antonium
1267 1471 1401 1510 cum
1430 1451 1771 1512 cohortibus
1805 1454 2068 1532 quinque

275 1547 582 1607 Arretium
609 1547 815 1607 mittit.

355 1645 489 1723 Ipse
516 1644 775 1704 Arimini
805 1663 939 1703 cum
972 1643 1203 1705 duabus
1240 1645 1513 1705 subsistit
1549 1646 1750 1724 ibique
1784 1646 2066 1708 dilectum

274 1742 489 1803 habere
517 1741 796 1802 instituit.

353 1841 682 1913 Pisaurum,
742 1838 991 1914 Fanum,
1050 1840 1362 1900 Anconam
1417 1840 1664 1919 singulis
1725 1841 2067 1903 cohortibus

273 1945 536 2015 occupat.

481 2155 536 2199 Θ.
608 2147 774 2198 Panic
796 2155 852 2196 αι
876 2148 1042 2197 Rome.
1123 2148 1228 2197 The
1252 2147 1463 2198 Consule
1473 2148 1558 2211 fly
1579 2155 1627 2197 to
1653 2148 1849 2211 Capua.

351 2272 580 2347 Quibus
635 2271 813 2330 rebus
885 2271 1136 2329 Romam
1209 2271 1502 2331 nuntiatis
1557 2278 1763 2331 tantus
1818 2279 2063 2350 repente

269 2376 461 2429 terror
487 2368 707 2428 invasit
733 2375 803 2427 ut
831 2367 1123 2427 Lentulus
1151 2368 1359 2427 consul
1384 2389 1460 2427 ex
1489 2368 1634 2428 urbe
1661 2369 2018 2447 profugeret.

349 2466 525 2525 Hunc
581 2464 899 2525 Marcellus
948 2464 1171 2543 collega
1228 2472 1291 2524 et
1356 2465 1626 2544 plerique
1681 2466 2062 2544 magistratus

266 2563 566 2623 consecuti
594 2569 746 2622 sunt.

346 2660 455 2721 Cn.
481 2661 797 2739 Pompeius
825 2659 1017 2738 pridie
1045 2660 1169 2719 eius
1199 2658 1319 2720 diei
1344 2680 1419 2718 ex
1449 2660 1593 2720 urbe
1623 2660 1920 2739 profectus
1947 2660 2063 2720 iter

267 2757 341 2817 ad
367 2758 630 2837 legiones
657 2757 931 2830 habebat,
954 2777 1101 2835 quas
1123 2778 1158 2816 a
1179 2756 1430 2817 Caesare
1453 2765 1721 2835 acceptas
1748 2757 1813 2816 in
1840 2757 2062 2835 Apulia

264 2856 648 2915 hibernorum
677 2875 849 2914 causa
877 2854 1268 2932 disposuerat.

346 2952 518 3012 Nihil
547 2951 696 3011 citra
723 2950 988 3028 Capuam
1017 2958 1219 3011 tutum
1250 2970 1376 3010 esse
1405 2951 1678 3011 omnibus
1706 2951 1961 3011 videtur.

347 3048 586 3129 Capuae
615 3048 874 3128 primum
903 3068 1028 3108 sese
1058 3048 1410 3108 confirmant
1438 3055 1500 3107 et
1527 3047 1827 3126 colligunt.

1134 3147 1169 3182 Β
