2342 3500
569 301 828 362 TALES
871 301 975 362 OF
1017 302 1187 361 THE
1232 301 1458 361 GIVIL
1501 300 1713 360 WAR.
1966 303 2033 359 11

325 463 574 523 Postero
628 463 727 523 die
772 463 1044 523 Petreius
1094 461 1322 522 occulte
1377 462 1451 521 ad
1502 461 1868 539 exploranda
1914 460 2042 521 loca

243 559 648 636 proficiscitur.
765 559 896 619 Hoc
950 559 1112 618 idem
1181 559 1251 617 fit
1319 579 1394 618 ex
1462 558 1671 618 castris
1738 557 2041 618 Caesaris:

241 655 508 715 mittitur
561 657 627 716 L.
689 656 976 717 Decidius
1032 656 1206 729 Saxa,
1258 655 1362 733 qui
1418 655 1530 714 loci
1584 662 1860 715 naturam
1914 673 2043 732 per-

241 752 470 830 spiciat.
553 752 826 830 Uterque
855 752 1015 813 idem
1036 752 1168 813 ‘suis
1202 751 1543 812 renuntiat:
1586 752 1847 829 quinque
1876 751 2042 811 milia

241 869 527 928 passuum
554 851 828 928 proxima
854 849 1221 910 intercedere
1247 849 1479 909 itineris
1509 849 1869 926 campestris,
1898 848 2040 907 inde

241 947 512 1025 excipere
567 948 698 1007 loca
752 967 960 1025 aspera
1013 953 1075 1006 et
1128 953 1482 1006 montuosa:
1552 946 1656 1024 qui
1716 946 1879 1023 prior
1932 945 2039 1005 has

243 1045 551 1121 angustias
591 1044 990 1123 occupaverit,
1018 1044 1095 1104 ab
1129 1043 1241 1103 hoc
1274 1043 1508 1103 hostem
1549 1042 1853 1121 prohiberi
1888 1041 2039 1101 nihil

239 1160 366 1200 esse
394 1140 635 1220 negotii.

244 1344 339 1388 18.
382 1336 576 1388 Caesar
618 1338 790 1388 makes
846 1355 883 1388 α
933 1338 1133 1388 Detour
1169 1354 1287 1388 over
1342 1339 1504 1399 rouyh
1562 1339 1765 1402 qrotmd
1807 1338 1916 1387 and
1974 1337 2038 1400 by

380 1420 612 1482 secui-inq
650 1437 686 1469 a
727 1420 889 1482 Defile
932 1420 1139 1483 leadinq
1184 1427 1233 1470 ιο
1277 1420 1356 1469 the
1400 1420 1539 1469 Ebro
1578 1426 1685 1469 cut-3
1723 1420 1803 1470 the
1840 1419 2039 1482 Enemy

382 1500 460 1563 off
466 1502 617 1564 from
649 1500 729 1550 the
767 1501 936 1551 River.

321 1613 540 1675 Caesar
616 1635 821 1674 omnes
896 1616 1095 1693 copias
1162 1615 1370 1675 castris
1438 1614 1640 1674 educit
1707 1633 2038 1693 magnoque

240 1710 493 1772 circuitu
541 1712 709 1772 nullo
759 1719 920 1773 certo
966 1712 1185 1773 itinere
1233 1712 1563 1773 exercitum
1611 1711 1791 1772 ducit.
1878 1711 2037 1772 Nam

238 1828 392 1886 quae
434 1809 652 1869 itinera
699 1809 774 1869 ad
822 1809 1110 1870 Hiberum
1164 1817 1342 1887 atque
1388 1810 1739 1887 Octogesam
1785 1809 2039 1888 pertine-

239 1906 405 1979 bant,
435 1906 643 1966 castris
670 1906 932 1966 hostium
961 1905 1250 1984 oppositis
1278 1906 1654 1965 tenebantur.
1727 1908 1815 1964 Ac
1843 1906 2036 1983 primo

241 2003 558 2063 Afraniani
625 2003 849 2063 milites
918 2003 1150 2063 visendi
1227 2023 1404 2062 causa
1476 2002 1619 2063 laeti
1688 2023 1765 2062 ex
1831 2004 2037 2063 castris

239 2101 668 2179 procurrebant
715 2100 1274 2178 contumeliosisque
1323 2100 1566 2159 vocibus
1607 2100 2039 2178 prosequeban-

240 2204 342 2257 tur
389 2204 638 2258 nostros.
725 2198 873 2258 Erat
920 2198 1079 2258 enim
1125 2198 1243 2257 iter
1287 2218 1322 2256 a
1369 2197 1675 2276 proposito
1715 2197 2032 2269 diversum,

240 2294 716 2372 contrariamque
745 2296 808 2353 in
836 2302 1069 2373 partem
1097 2294 1171 2354 iri
1201 2294 1532 2354 videbatur.

323 2390 442 2451 Sed
496 2392 600 2451 ubi
653 2390 944 2469 paulatim
992 2392 1323 2469 retorqueri
1377 2412 1590 2469 agmen
1638 2391 1715 2452 ad
1763 2392 2038 2453 dextram

240 2496 679 2566 conspexerunt
752 2490 987 2566 iamque
1062 2489 1285 2566 primos
1374 2508 1651 2567 superare
1738 2491 2039 2569 regionem

242 2593 569 2646 castrorum
597 2586 863 2645 animum
892 2585 1298 2661 adverterunt,
1326 2586 1726 2647 conclamatur
1753 2586 1830 2647 ad
1857 2608 2037 2661 arma,

241 2688 422 2760 atque
479 2703 685 2742 omnes
741 2683 944 2761 copiae
1002 2685 1229 2743 exeunt
1283 2691 1563 2761 rectoque
1613 2684 1689 2744 ad
1745 2684 2036 2745 Hiberum

240 2778 454 2838 itinere
482 2780 872 2860 contendunt.
957 2780 1105 2840 Erat
1133 2780 1197 2839 in
1235 2780 1540 2841 celeritate
1569 2801 1744 2841 omne
1779 2781 2040 2860 positum

241 2884 558 2949 certamen,
589 2877 710 2936 utri
740 2877 905 2955 prius
943 2877 1249 2955 angustias
1287 2886 1639 2956 montesque
1667 2887 2037 2956 occuparent.

243 2972 515 3031 Confecit
556 2974 721 3050 prior
764 2974 879 3033 iter
923 2973 1138 3034 Caesar
1184 2982 1362 3053 atque
1400 2995 1477 3033 ex
1519 2976 1750 3053 magnis
1794 2976 2043 3055 rupibus

242 3076 452 3128 nactus
480 3069 791 3147 planitiem
822 3071 880 3129 in
919 3070 1029 3130 hac
1063 3079 1270 3130 contra
1301 3071 1536 3131 hostem
1564 3074 1749 3132 aciem
1778 3073 2038 3133 instruit.
