2342 3500
570 292 829 352 TALES
873 292 977 352 OF
1018 293 1187 352 THE
1231 293 1456 352 CIVIL
1499 293 1707 353 WAR.
1961 296 2032 353 13

243 455 593 514 nociturum.
695 453 1024 515 Provinciis
1089 453 1373 517 excedere
1443 455 1888 532 exercitumque
1953 454 2036 513 di-

246 551 481 610 mittere
509 551 696 609 iussit.

328 738 429 781 20.
486 732 648 782 Varro
672 733 858 795 atfirst
882 748 1088 791 waverS,
1116 732 1200 781 but
1210 732 1403 797 finally
1425 732 1556 782 sides
1578 733 1698 781 with
1722 733 1965 796 Pompey.

328 855 410 913 M.
452 855 644 914 Varro
685 854 745 913 in
792 855 1073 914 ulteriore
1117 854 1411 932 Hispania
1451 855 1628 913 initio
1671 856 1925 933 cognitis
1965 856 2038 915 iis

248 953 439 1026 rebus,
466 972 617 1029 quae
646 959 787 1011 sunt
814 953 876 1011 in
907 951 1087 1012 Italia
1109 959 1327 1030 gestae,
1360 951 1636 1011 diffidens
1664 951 2040 1029 Pompeianis

251 1049 443 1118 rebus,
474 1048 826 1108 amicissime
863 1049 937 1107 de
976 1048 1227 1109 Caesare
1266 1049 1620 1126 loquebatur
1656 1069 1848 1127 neque
1881 1069 1944 1109 se
1975 1051 2038 1108 in

248 1143 433 1203 ullam
469 1152 703 1221 partem
738 1145 1032 1207 movebat.
1118 1145 1337 1204 Postea
1370 1165 1525 1219 vero,
1560 1165 1690 1205 cum
1729 1145 2040 1206 Gaesarem

247 1241 326 1300 ad
374 1241 703 1301 Massiliam
751 1241 1007 1303 detineri
1063 1243 1360 1319 cognovit,
1414 1244 1609 1320 copias
1657 1243 1858 1302 Petrei
1906 1262 2037 1302 cum

250 1338 512 1398 exercitu
555 1338 790 1397 Afranii
833 1358 967 1398 esse.
997 1340 1358 1411 coniunctaS‚
1390 1359 1605 1419 magna
1647 1339 1869 1400 auxilia
1911 1359 2042 1400 con-

252 1436 495 1507 venisse,
550 1441 730 1512 atque
786 1435 930 1494 haec
985 1434 1058 1494 ad
1116 1454 1252 1494 eum
1307 1435 1486 1495 latius
1542 1443 1723 1514 atque
1777 1437 2042 1495 inflatius

251 1531 535 1591 Afranius
577 1532 996 1609 perscribebat,
1027 1551 1090 1590 se
1129 1551 1366 1610 quoque
1409 1531 1485 1591 ad
1528 1540 1726 1592 motus
1768 1533 2041 1593 fortunae

251 1648 487 1689 movere
529 1630 741 1706 coepit.
843 1628 1143 1688 Dilectum
1194 1629 1407 1689 habuit
1455 1637 1585 1689 tota
1633 1630 1939 1708 provincia
1981 1638 2041 1689 et

251 1726 473 1787 bellum
514 1726 778 1804 parabat.
865 1725 1046 1786 Ratio
1078 1732 1277 1787 autem
1321 1726 1464 1786 haec
1508 1733 1636 1786 erat
1677 1726 1836 1799 belli,
1869 1733 1937 1787 ut
1979 1747 2040 1787 se

252 1844 389 1883 cum
435 1822 664 1882 duabus
712 1822 1045 1902 legionibus
1098 1823 1298 1883 Gades
1339 1824 1652 1895 conferret,
1697 1843 1877 1883 naves
1925 1825 2042 1883 fru-

250 1927 640 1998 mentumque
669 1940 844 1979 omne
877 1919 963 1978 ibi
991 1919 1341 1979 contineret.
1429 1919 1747 1997 Progresso
1779 1921 1833 1978 ei
1865 1920 2041 1997 paulo

251 2018 488 2096 longius
515 2017 752 2077 litterae
781 2016 1052 2076 Gadibus
1080 2015 1433 2090 redduntur,
1468 2016 1830 2077 consensisse
1865 2016 2043 2076 Gadi-

253 2122 425 2175 tanos
466 2113 765 2192 principes
797 2133 929 2173 cum
975 2114 1231 2173 tribunis
1270 2113 1619 2186 cohortium,
1658 2133 1810 2191 quae
1848 2123 2041 2173 essent

253 2213 336 2272 ibi
388 2213 451 2271 in
500 2210 817 2289 praesidi0‚
861 2216 931 2270 ut
980 2210 1187 2269 urbem
1235 2210 1610 2287 insulamque
1650 2210 1888 2270 Caesari
1931 2230 2043 2269 ser-

256 2316 477 2369 varent.

256 2497 351 2545 21.
394 2490 477 2551 He
509 2489 555 2538 is
585 2490 812 2539 deserted
851 2489 916 2552 by
947 2504 1036 2540 one
1069 2489 1136 2552 of
1161 2488 1243 2537 his
1274 2489 1491 2550 Leqions
1523 2489 1630 2537 and
1667 2489 1963 2537 surrenders
1997 2496 2045 2539 to

385 2570 590 2620 Caesar.
668 2569 860 2619 Caesar
881 2570 1077 2619 arrives
1107 2577 1161 2618 at
1193 2570 1481 2619 Marseilles
1509 2570 1617 2619 and
1646 2570 1815 2618 learns
1843 2570 1952 2618 that
1986 2570 2046 2619 he

383 2652 477 2701 has
499 2652 613 2701 been
634 2653 821 2702 named
844 2652 1093 2701 Dictator.

337 2768 450 2827 His
486 2767 739 2845 cognitis
781 2767 957 2827 rebus
996 2766 1184 2825 altera
1217 2785 1292 2825 ex
1334 2765 1563 2825 duabus
1601 2763 1936 2842 legionibus
1970 2784 2046 2824 ex

255 2864 460 2925 castris
503 2864 805 2938 Varronis,
851 2864 1126 2924 adstante
1170 2871 1231 2921 et
1272 2863 1643 2939 inspectante
1685 2862 1832 2938 ipse,
1876 2861 2046 2941 signa

256 2962 496 3022 sustulit
532 2981 773 3040 seseque
804 2960 1101 3039 Hispalim
1130 2959 1368 3036 recepit.
1458 2957 1685 3031 Quibus
1715 2958 1890 3017 rebus
1919 2977 2046 3034 per-

258 3060 501 3121 territus
551 3058 758 3131 Varr0,
811 3078 943 3117 cum
999 3057 1215 3115 itinere
1270 3074 1553 3116 converso
1603 3073 1727 3112 sese
1775 3053 2045 3113 Italicam
