2342 3500
293 289 366 346 10
617 285 876 345 TALES
918 284 1023 345 OF
1064 283 1232 344 THE
1275 284 1502 345 CIVIL
1546 284 1757 346 WAR.

506 453 597 496 16.
638 446 778 496 Next
801 447 909 510 day
930 446 1010 496 his
1032 445 1282 509 Insantry
1303 446 1412 496 also
1434 462 1570 496 cross
1593 447 1672 498 the
1695 447 1861 497 River.

368 563 571 623 Prima
610 563 741 623 luce
781 562 999 621 certior
1039 561 1233 621 factus
1276 567 1369 620 est
1410 560 1642 634 Caesar,
1675 568 1914 638 paratos
1956 579 2084 619 esse

286 659 508 720 milites
546 680 617 720 ea
656 660 910 719 transire
950 659 1173 718 flumen
1217 677 1335 735 qua
1377 657 1686 717 traductus
1729 664 1884 718 esset
1925 657 2084 734 equi-

285 763 462 816 tatus,
567 756 699 816 Etsi
766 755 1019 815 timebat
1080 761 1287 814 tantae
1350 754 1753 834 magnitudini
1819 753 2085 813 fluminis

286 853 615 913 exercitum
660 853 906 926 obicere,
940 851 1278 912 conandum
1320 858 1524 912 tamen
1568 858 1748 930 atque
1782 849 2085 930 experien-

286 949 431 1010 dum
469 949 710 1010 iudicat.
796 948 1010 1027 Itaque
1047 948 1403 1008 infirmiores
1438 949 1662 1009 milites
1696 969 1772 1007 ex
1808 947 2084 1007 omnibus

286 1047 569 1107 centuriis
612 1046 795 1123 deligi
837 1046 1021 1119 iubet,
1055 1065 1311 1123 quorum
1354 1052 1460 1106 aut
1502 1046 1735 1106 animus
1779 1052 1887 1104 aut
1926 1044 2084 1103 vires

285 1143 650 1203 videbantur
691 1143 986 1203 sustinere
1037 1163 1158 1202 non
1194 1163 1393 1221 posse.
1497 1143 1626 1203 Hos
1670 1163 1803 1202 cum
1850 1141 2085 1220 legione

284 1261 406 1301 una
445 1240 739 1318 praesidio
773 1239 982 1300 castris
1016 1239 1344 1317 relinquit3
1392 1240 1650 1319 reliquas
1691 1239 1956 1317 legiones
1989 1258 2086 1297 ex-

285 1338 518 1416 peditas
579 1337 781 1398 educit
848 1356 1186 1416 magnoque
1249 1356 1498 1396 numero
1560 1337 1965 1397 iumentorum
2019 1335 2084 1394 in

284 1436 529 1495 flumine
567 1454 747 1513 supra
788 1443 968 1513 atque
1008 1433 1165 1493 infra
1203 1434 1531 1494 constituto
1569 1432 1831 1493 traducit
1868 1432 2088 1492 exerci-

285 1541 431 1593 tum.

352 1714 444 1758 1ยน7.
488 1707 680 1758 Caesar
701 1705 953 1756 overtakes
976 1705 1053 1755 che
1076 1705 1288 1770 Enemy.
1361 1706 1496 1756 Both
1516 1704 1664 1757 Sides
1684 1720 1896 1769 encamp
1917 1705 2026 1755 and

737 1789 860 1837 send
881 1794 966 1837 out
989 1787 1383 1850 Recomwitriny
1405 1787 1628 1838 Partica.

369 1905 529 1980 Quos
584 1903 690 1963 ubi
747 1902 1034 1962 Afranius
1090 1902 1419 1980 conspexit,
1479 1902 1623 1962 locis
1679 1901 2085 1980 superioribus

288 2001 560 2062 consistit
603 2000 905 2078 aciemque
946 1999 1210 2060 instruit.
1298 2000 1515 2060 Caesar
1557 1999 1620 2058 in
1665 1999 1888 2077 campis
1924 2019 2087 2058 exer-

288 2100 474 2159 citum
530 2097 736 2171 reficit,
795 2117 870 2157 ne
929 2096 1229 2158 defessum
1284 2097 1512 2173 proelio
1567 2096 1819 2171 obiciat3
1882 2116 2086 2156 rursus

288 2203 570 2256 conantes
652 2193 930 2273 progredi
1013 2194 1350 2272 insequitur
1429 2200 1493 2253 et
1571 2200 1853 2253 moratur.
1988 2193 2085 2253 Illi

288 2293 617 2354 necessario
693 2292 1004 2364 maturius,
1093 2310 1270 2368 quam
1356 2291 1809 2364 constituerant,
1895 2298 2086 2350 castra

289 2398 538 2469 ponunt.
643 2389 860 2449 Caesar
928 2407 1163 2466 quoque
1227 2388 1290 2446 in
1349 2387 1624 2466 proximo
1684 2386 1833 2447 colle
1895 2395 2087 2447 castra

290 2487 477 2565 ponit.

371 2584 576 2643 Media
643 2582 878 2642 circiter
946 2588 1120 2641 nocte
1190 2582 1259 2640 fit
1325 2582 1542 2642 certior
1609 2583 1842 2654 Caesar,
1910 2581 2087 2642 duces

290 2680 763 2741 adversariorum
811 2678 1049 2738 silentio
1095 2679 1295 2757 copias
1342 2680 1550 2739 castris
1603 2680 1868 2741 educere.
1955 2679 2089 2754 Quo

290 2777 530 2855 cognito
585 2777 820 2854 signum
876 2775 1004 2835 dari
1061 2776 1232 2836 iubet
1286 2785 1349 2835 et
1403 2796 1544 2836 vasa
1610 2777 1857 2836 militari
1923 2796 2089 2836 more

292 2874 661 2935 conclamari.
763 2873 862 2932 Illi
911 2873 1194 2933 exaudito
1243 2873 1497 2933 clamore
1546 2874 1740 2946 veriti,
1787 2893 1862 2934 ne
1907 2882 2089 2934 noctu

291 2971 566 3050 impediti
604 2970 714 3030 sub
749 2990 925 3030 onere
960 2970 1272 3048 confligere
1310 2979 1676 3048 cogerentur,
1708 2971 1825 3030 iter
1861 2972 2089 3050 suppri-

293 3076 468 3129 munt
494 3067 807 3145 copiasque
835 3067 900 3126 in
928 3067 1136 3127 castris
1164 3067 1488 3127 continent.
