2342 3500
629 294 884 354 TALES
927 294 1030 353 OF
1073 293 1241 353 THE
1285 293 1512 354 CIVIL
1555 293 1765 353 WAR.
2017 296 2093 352 23

297 476 539 532 sperans
576 455 926 532 Pompeium
965 461 1070 514 aut
1106 453 1555 531 Dyrrhachium
1583 454 1862 532 compelli
1887 461 1991 514 aut
2020 453 2095 514 ab

299 572 367 611 eo
395 551 714 611 intercludi
748 572 934 630 posse,
965 552 1130 629 quod
1168 572 1407 611 omnem
1445 560 1838 611 commeatum
1868 571 1938 610 eo
1967 571 2099 611 con-

298 649 548 708 tulisset.
652 649 973 727 Pompeius
1026 668 1133 726 per
1190 648 1593 726 exploratores
1641 648 1860 709 certior
1906 649 2097 707 factus

300 753 536 823 postero
566 745 665 805 die
693 754 887 806 castra
914 746 1120 820 movit,
1153 747 1424 806 breviore
1461 746 1677 806 iti-nere
1705 765 1768 805 se
1796 765 2098 806 occurrere

299 843 352 902 ei
384 863 552 920 posse
581 862 837 920 sperans.
927 843 1102 916 Quod
1141 843 1270 902 fore
1312 843 1648 920 suspicatus
1691 843 1907 904 Caesar
1948 842 2098 902 mili-

301 947 508 1018 tesque
551 940 920 1012 adhortatuS,
965 947 1035 999 ut
1077 960 1266 1018 aequo
1306 941 1506 1000 animo
1549 941 1811 1000 laborem
1853 940 2094 1012 ferrent,

301 1056 484 1114 parva
511 1045 682 1114 parte
712 1037 904 1097 noctis
931 1037 1147 1097 itinere
1177 1038 1517 1098 intermisso
1551 1058 1725 1097 mane
1761 1038 2101 1115 Dyrrhach-

300 1136 422 1193 ium
451 1135 634 1206 venit,
667 1155 800 1194 cum
832 1135 1092 1213 primum
1125 1155 1338 1212 agmen
1377 1135 1627 1213 Pompei
1665 1135 1865 1212 procul
1906 1155 2099 1195 cerne-

300 1239 479 1304 retur,
512 1239 692 1310 atque
728 1232 812 1291 ibi
850 1240 1043 1292 castra
1080 1232 1294 1310 posuit.
1382 1232 1702 1310 Pompeius
1741 1232 2098 1292 interclusus

301 1328 691 1405 DyrrhachiO,
713 1328 877 1389 edito
897 1329 1045 1402 1000,
1067 1329 1170 1408 qui
1195 1329 1530 1408 appellatur
1548 1329 1728 1389 Petra
1749 1330 2097 1407 aditumque

300 1425 482 1485 habet
536 1426 791 1486 navibus
845 1427 1204 1486 mediocrem
1266 1433 1445 1503 atque
1502 1447 1599 1485 eas
1654 1447 1689 1486 a
1742 1427 2096 1504 quibusdam

302 1523 564 1600 protegit
590 1523 802 1597 ventiS,
836 1531 1030 1583 castra
1057 1524 1399 1583 communit.

303 1734 403 1779 84.
436 1727 630 1779 Caesar
644 1729 857 1792 chanqee
870 1728 949 1779 hie
976 1729 1137 1779 Plane
1150 1728 1260 1778 and
1278 1727 1574 1778 determines
1596 1734 1644 1777 to
1660 1727 1791 1790 effect
1807 1743 1843 1777 a
1858 1727 2101 1777 Junction

432 1811 551 1860 with
573 1811 834 1860 Domitius
850 1811 905 1860 in
928 1811 1254 1860 Macedonia.
1316 1810 1548 1872 Pompey
1570 1809 1770 1858 hastam
1792 1809 1846 1857 in
1870 1810 1948 1858 che
1962 1824 2099 1858 same

435 1892 699 1941 Direction
733 1900 780 1941 to
813 1900 1026 1954 support
1058 1891 1247 1953 Scipio,
1320 1891 1579 1940 Domitius
1611 1891 1871 1953 narrowly
1903 1906 2101 1952 escapes

420 1972 616 2033 sallin9
638 1971 743 2021 into
759 1972 1028 2035 Pompey's
1044 1972 1211 2021 hands
1233 1972 1340 2020 and
1352 1972 1494 2035 jein-3
1518 1971 1712 2021 Caesar
1733 1978 1787 2019 at
1803 1970 2090 2034 Aeyiniam.

386 2102 601 2162 Caesar
629 2124 664 2162 a
693 2104 1093 2181 superioribus
1122 2103 1382 2163 consiliis
1412 2102 1694 2179 depulsus
1722 2123 1959 2162 omnem
1987 2103 2101 2163 sibi

304 2199 787 2259 commutandam
841 2199 983 2259 belli
1039 2201 1336 2260 rationem
1399 2199 1783 2259 existimavit.
1888 2198 2099 2277 Itaque

304 2296 735 2373 impedimenta
784 2297 983 2356 omnia
1027 2296 1267 2356 silentio
1312 2296 1505 2374 prima
1552 2304 1725 2355 nocte
1776 2316 1851 2355 ex
1894 2297 2101 2355 castris

304 2393 686 2471 Apolloniam
731 2395 1054 2471 praemisit,
1099 2393 1227 2472 ipse
1268 2395 1340 2453 de
1382 2401 1597 2471 quarta
1632 2393 1836 2471 vigilia
1874 2394 2101 2471 profici-

301 2491 502 2550 scitur.
603 2490 818 2568 Neque
860 2510 998 2550 vero
1041 2490 1360 2569 Pompeius
1402 2511 1627 2550 moram
1669 2490 1852 2550 ullam
1894 2491 1970 2550 ad
2015 2492 2101 2549 in-

302 2588 668 2666 sequendum
709 2587 933 2647 intulit.
1040 2588 1279 2649 Caesari
1320 2588 1397 2647 ad
1442 2589 1671 2650 saucios
1714 2588 2097 2667 deponendos

304 2704 543 2745 necesse
572 2695 701 2745 erat
729 2686 893 2745 adire
921 2685 1324 2762 Apolloniam.
1410 2685 1530 2746 Sed
1566 2688 1783 2745 timens
1810 2685 2097 2759 Domitio,

306 2801 378 2841 ne
424 2781 689 2842 adventu
738 2782 987 2859 Pompei
1035 2791 1581 2861 praeoccuparetur,
1627 2782 1706 2842 ad
1755 2802 1889 2842 eum
1938 2784 2099 2843 omni

305 2877 607 2938 celeritate
663 2887 723 2938 et
779 2879 980 2939 studio
1028 2879 1313 2939 incitatus
1368 2880 1680 2939 ferebatur.
1784 2880 2101 2957 Pompeius

307 2995 543 3053 quoque
572 2976 649 3034 ad
679 2976 1011 3053 Scipionem
1052 2977 1492 3053 properandum
1532 2978 1644 3036 sibi
1683 2977 2101 3048 existimabat3

306 3073 357 3131 si
415 3073 630 3132 Caesar
682 3074 797 3133 iter
852 3074 954 3133 illo
1012 3074 1274 3145 haberet,
1334 3082 1406 3132 ut
1456 3073 1780 3133 subsidium
1839 3073 2099 3151 Scipioni
