2342 3500
597 309 853 370 TALES
897 309 999 371 OF
1042 310 1212 370 THE
1255 310 1482 371 OIVIL
1525 310 1733 371 WAR.
2026 312 2061 370 9

267 477 493 530 centur.
581 471 710 530 Hos
751 472 1219 532 Tarraconenses
1261 479 1323 531 et
1364 471 1627 532 Iacetani
1668 479 1730 532 et
1771 470 2062 532 Ausetani

267 576 329 626 et
383 568 585 645 paucis
639 575 778 647 post
831 569 1042 628 diebus
1098 561 1632 647 Illurgavonenses,
1680 569 1785 647 qui
1840 570 2061 628 flumen

269 665 565 725 Hiberum
614 667 939 744 attingunt,
990 667 1405 744 insequuntur.
1515 666 1741 745 Magna
1794 665 2063 726 celeriter

267 763 654 823 commutatio
683 782 880 822 rerum
893 784 912 836 3
951 763 1173 822 multae
1201 762 1651 841 longinquiores
1680 763 1959 823 civitates
1988 764 2063 823 ab

269 859 514 919 Afranio
544 850 880 919 desciscunt
908 866 969 919 et
999 860 1267 921 Caesaris
1296 860 1620 919 amicitiam
1649 867 1995 939 sequuntur.

348 955 560 1033 Itaque
603 957 978 1016 constituunt
1019 955 1306 1017 Afranius
1349 957 1739 1035 Petreiusque
1780 957 1843 1016 in
1886 957 2063 1017 Celti-

268 1054 493 1113 beriam
549 1053 772 1113 bellum
836 1054 1174 1114 transferre.
1284 1054 1401 1114 Hic
1454 1074 1702 1132 magnos
1756 1055 2059 1132 equitatus

266 1171 598 1229 magnaque
640 1151 862 1211 auxilia
903 1150 1333 1229 exspectabant
1381 1159 1442 1211 et
1491 1151 1611 1210 suis
1652 1151 1795 1210 locis
1837 1151 2059 1210 bellum

266 1248 331 1307 in
385 1249 642 1309 hiemem
699 1249 913 1308 ducere
961 1248 1322 1326 cogit-abant.
1427 1249 1559 1309 Hoc
1613 1249 1767 1308 inito
1815 1248 2058 1308 consilio

268 1351 396 1406 toto
438 1346 682 1406 flumine
725 1345 955 1405 Hibero
996 1365 1180 1406 naves
1219 1346 1566 1423 conquirere
1604 1354 1665 1406 et
1707 1346 2059 1425 Octogesam

268 1442 479 1503 adduci
521 1443 774 1503 iubent*
835 1442 908 1502 Id
951 1451 1080 1503 erat
1121 1443 1410 1522 oppidum
1453 1443 1713 1522 positum
1753 1443 1831 1503 ad
1880 1443 2060 1503 Hibe·

267 1561 400 1600 rum
460 1540 744 1618 miliaque
806 1561 1087 1618 passuum
1149 1560 1186 1599 a
1246 1541 1455 1600 castris
1518 1540 1723 1600 aberat
1791 1541 2053 1619 triginta.

267 1637 368 1697 Ad
407 1658 544 1698 eum
585 1638 780 1697 locum
818 1638 1081 1696 fluminis
1115 1637 1370 1697 navibus
1411 1637 1630 1697 iunctis
1670 1645 1915 1716 pontem
1955 1638 2060 1696 im-

267 1743 480 1814 perant
499 1736 628 1796 fieri
644 1735 1025 1816 legionesque
1044 1734 1193 1796 duas
1210 1735 1431 1795 flumen
1449 1734 1697 1795 Sicorim
1717 1734 2053 1795 traducunt.

400 1924 488 1967 15.
533 1917 767 1968 Gaesar's
791 1916 1019 1981 Oavalry
1040 1933 1176 1967 crosa
1199 1919 1279 1968 the
1307 1918 1495 1968 Sicoris
1517 1920 1625 1968 and
1648 1918 1830 1967 harass
1852 1919 1932 1967 che

898 1999 1195 2063 Recreatiny
1215 2000 1423 2063 Enemy.

345 2112 577 2188 Caesar,
651 2116 755 2192 qui
831 2125 1065 2195 partem
1138 2114 1400 2193 aliquam
1476 2115 1693 2175 Sicoris
1762 2122 2059 2174 averterat

268 2212 605 2290 vadumque
643 2213 706 2272 in
742 2233 811 2274 eo
840 2214 1085 2273 flumine
1114 2214 1405 2286 effecerat,
1437 2213 1552 2272 huc
1586 2213 1707 2271 iam
1735 2211 2060 2272 reduxerat

267 2329 407 2385 rem,
439 2316 509 2369 ut
548 2310 779 2388 equites
806 2319 1050 2389 possent
1089 2319 1269 2389 atque
1298 2310 1589 2369 auderent
1623 2310 1843 2369 flumen
1874 2317 2059 2369 trans-

266 2407 372 2480 ire,
421 2405 654 2484 pedites
703 2427 845 2467 vero
895 2428 1029 2468 cum
1079 2407 1399 2468 altitudine
1449 2427 1636 2484 aquae
1691 2413 1823 2466 tum
1879 2407 2060 2467 etiam

267 2502 586 2581 rapiditate
646 2504 911 2564 fluminis
972 2503 1047 2564 ad
1111 2503 1544 2565 transeundum
1607 2503 2052 2581 impedirentur.

269 2600 740 2678 Relinquebatur
777 2600 1014 2661 Caesari
1054 2601 1219 2675 nihil,
1252 2601 1369 2661 nisi
1409 2600 1497 2660 uti
1538 2601 1810 2678 equitatu
1848 2620 2057 2679 agmen

268 2698 740 2759 adversariorum
801 2700 955 2759 male
1019 2699 1270 2760 haberet
1333 2705 1393 2758 et
1456 2706 1740 2777 carperet.
1847 2698 2060 2777 Itaque

269 2795 499 2874 equites
545 2796 622 2856 ab
677 2815 746 2856 eo
801 2796 967 2856 missi
1022 2797 1244 2856 flumen
1299 2801 1629 2867 transeunt,
1683 2802 1744 2854 et
1767 2816 1930 2854 “cum
1985 2795 2060 2855 de

268 2893 447 2956 tertia
486 2894 691 2973 vigilia
739 2894 1011 2954 Petreius
1061 2901 1241 2972 atque
1291 2894 1574 2953 Afranius
1617 2899 1809 2952 castra
1852 2893 2060 2952 movis-

270 2998 418 3062 sent,
464 2998 709 3070 repente
757 3010 883 3051 sese
925 2990 1001 3051 ad
1050 2991 1439 3051 novissimum
1482 3009 1691 3068 agmen
1734 2990 2060 3050 ostendunt

271 3095 331 3147 et
370 3088 485 3149 iter
527 3088 816 3167 impedire
859 3088 1167 3167 incipiunt.
