2342 3500
649 267 907 327 TALES
950 267 1054 328 OF
1097 268 1266 327 THE
1309 267 1540 328 CIVIL'
1579 268 1788 327 WAR.
2083 272 2115 327 7

401 428 613 506 Itaque
668 428 886 489 Caesar
933 429 1157 488 frustra
1206 428 1418 489 diebus
1468 429 1696 507 aliquot
1750 430 2117 507 consumptis

319 525 394 584 ab
451 526 595 586 urbe
649 526 1045 603 proficiscitur
1101 532 1281 603 atque
1336 525 1400 585 in
1456 526 1803 587 ulteriorem
1858 526 2116 586 Galliam

318 624 608 700 pervenit.
1625 618 1631 623 ⁴

508 803 596 847 n.
639 796 909 861 Pompey’s
934 767 1264 847 Lieuterzants
1280 814 1506 861 prepare
1531 804 1578 846 to
1603 798 1725 847 hold
1747 797 1924 860 Spain.

399 910 463 971 O.
495 910 747 970 Fabium
784 910 1049 989 legatum
1093 931 1228 970 cum
1264 911 1600 990 legionibus
1643 910 1837 970 tribus
1877 911 1938 970 in
1979 911 2113 971 His-

316 1009 551 1085 paniam
583 1009 918 1086 praemittit
947 1009 1336 1087 celeriterque
1365 1008 1551 1067 saltus
1581 1009 1918 1085 Pyrenaeos
1948 1029 2113 1068 occu-

313 1106 445 1183 pari
498 1105 681 1177 iubet,
732 1106 837 1185 qui
894 1125 963 1165 eo
1020 1112 1289 1183 tempore
1347 1105 1421 1164 ab
1477 1105 1541 1164 L.
1601 1104 1853 1165 Afranio
1911 1106 2108 1185 legato

313 1203 625 1280 praesidiis
654 1204 1026 1263 tenebantur.

393 1298 681 1360 Afranius
711 1308 773 1359 et
807 1301 1079 1361 Petreius
1109 1306 1171 1360 et
1199 1300 1392 1360 Varro
1425 1299 1607 1378 legati
1641 1299 1890 1378 Pompei
1918 1309 2102 1361 erant.

396 1396 629 1456 Horum
666 1417 820 1456 unus
856 1397 1213 1475 Hispaniam
1255 1397 1589 1456 citeriorem
1631 1397 1826 1456 tribus
1866 1398 2108 1477 legioni-

312 1493 440 1565 bus,
479 1494 631 1554 alter
664 1495 1010 1555 ulteriorem
1053 1514 1087 1553 a
1127 1493 1287 1554 saltu
1329 1493 1749 1554 Castulonensi
1790 1494 1865 1554 ad
1908 1494 2108 1554 Anam

312 1589 544 1650 duabus
586 1591 938 1670 legionibus,
970 1592 1187 1651 tertius
1230 1592 1305 1651 ab
1347 1591 1483 1650 Ana
1523 1591 1858 1650 Vettonum
1899 1612 2107 1669 agrum

312 1687 802 1767 Lusitaniamque
845 1689 973 1768 pari
1016 1707 1266 1748 numero
1308 1688 1609 1767 legionum
1652 1687 1977 1747 obtinebat.

392 1785 598 1845 Officia
633 1786 794 1846 inter
833 1807 894 1846 se
934 1787 1293 1865 partiuntur.
1380 1785 1655 1845 Petreius
1692 1806 1768 1845 ex
1795 1785 2106 1846 Lusitania

309 1903 417 1960 per
447 1883 741 1943 Vettones
784 1904 919 1943 cum
956 1884 1236 1943 omnibus
1271 1883 1455 1960 copiis
1496 1882 1574 1942 ad
1616 1882 1934 1942 Afranium
1977 1904 2106 1963 pro-

308 1980 627 2054 ficiscitur3
687 1980 880 2040 Varro
929 2000 1064 2039 cum
1115 1980 1205 2052 iis,
1249 2000 1396 2057 quas
1443 1979 1717 2053 habebat,
1770 1980 2105 2059 legionibus

308 2096 546 2137 omnem
589 2077 933 2137 ulteriorem
976 2076 1333 2155 Hispaniam
1376 2083 1601 2136 tuetur.

392 2266 485 2309 12.
529 2258 722 2310 Caesar
742 2275 967 2322 appears
989 2260 1152 2323 before
1177 2259 1357 2309 Ilerda
1378 2260 1487 2308 and
1509 2259 1676 2321 beyine
1700 2260 2020 2322 Operatione.

388 2374 608 2434 Fabius
670 2375 733 2434 in
796 2373 983 2434 Sicori
1045 2374 1288 2434 flumine
1350 2380 1562 2451 pontes
1618 2374 1891 2433 effecerat
1950 2372 2100 2434 duos

306 2470 600 2531 distantes
640 2471 800 2531 inter
840 2491 903 2531 se
944 2471 1110 2530 milia
1150 2490 1434 2549 passuum
1476 2478 1774 2549 quattuor.

383 2566 473 2627 Eo
503 2568 720 2627 Caesar
747 2588 881 2627 cum
910 2568 1216 2646 equitibus
1244 2568 1566 2645 nongentis
1594 2568 1885 2646 pervenit.

386 2664 632 2725 Postero
671 2664 767 2724 die
799 2664 1023 2743 triplici
1064 2666 1359 2724 instructa
1390 2665 1513 2724 acie
1550 2665 1627 2724 ad
1668 2665 1924 2725 Ilerdam
1967 2686 2096 2744 pro-

307 2761 586 2821 ficiscitur
627 2771 689 2821 et
729 2761 841 2821 sub
885 2762 1092 2821 castris
1136 2761 1373 2821 Afranii
1415 2762 1704 2822 consistit.

384 2858 554 2920 Inter
595 2858 882 2937 oppidum
924 2858 1185 2918 Ilerdam
1227 2866 1288 2917 et
1336 2858 1672 2935 proximum
1719 2858 1943 2933 collem,
1988 2860 2095 2919 ubi

303 2962 496 3015 castra
549 2956 822 3016 Petreius
876 2962 1056 3033 atque
1111 2953 1399 3014 Afranius
1454 2955 1772 3029 habebant,
1830 2957 2094 3017 tumulus

305 3061 433 3114 erat
473 3052 651 3131 paulo
693 3052 924 3113 editior.
