2342 3500
638 317 894 377 TALEs
938 316 1041 376 oF
1084 314 1253 376 THE
1295 315 1521 376 own,
1563 313 1773 374 WAR.
2027 294 2099 373 29

307 480 603 559 fugerunt.
690 478 1024 557 Pompeius„
1070 478 1191 537 iam
1246 496 1382 537 cum
1434 477 1597 536 intra
1640 474 1862 535 vallum
1911 475 2101 535 nostri

309 584 701 650 versarentur,
751 594 970 653 equum
1015 580 1227 634 nactus
1274 574 1557 634 detractis
1610 572 1943 653 insignibus
1997 572 2102 632 im-

308 674 597 752 peratoris
635 673 964 733 decumana
1003 678 1179 750 porta
1214 690 1276 731 se
1314 690 1390 731 ex
1427 669 1635 731 castris
1672 669 1845 730 eiecit
1880 669 2103 748 protin-

306 790 495 850 usque
548 789 703 850 equo
757 771 941 830 citato
997 767 1295 828 Larissam
1350 767 1674 829 contendit.
1760 767 1973 845 Neque
2016 766 2102 826 ibi

306 869 594 945 constitit,
637 867 741 928 sed
789 866 995 926 eadem
1046 865 1349 926 celeritate
1391 885 1612 944 paucos
1655 884 1794 924 suos
1837 884 1914 924 ex
1960 864 2103 943 fuga

305 974 516 1027 nactus
551 971 842 1027 nocturno
879 964 1094 1024 itinere
1131 963 1207 1023 ad
1247 982 1408 1023 mare
1444 961 1722 1041 pervenit
1769 981 2100 1041 navemque

305 1062 756 1124 frumentariam
784 1060 1140 1123 conscendit.

873 1400 972 1444 41.
1014 1393 1186 1455 miqht
1210 1393 1275 1456 os
1286 1393 1532 1457 Pompey.

387 1542 606 1603 Caesar
651 1544 929 1604 omnibus
975 1544 1153 1604 rebus
1202 1541 1424 1603 relictis
1467 1543 1945 1621 persequendum
1992 1543 2102 1604 sibi

306 1639 656 1718 Pompeium
711 1640 1097 1716 existimavit,
1141 1660 1219 1701 ne
1268 1660 1471 1700 rursus
1520 1641 1717 1719 copias
1766 1660 2104 1719 comparare

306 1736 449 1798 alias
471 1744 533 1798 et
552 1736 775 1798 bellum
796 1758 1080 1800 renovare
1100 1745 1319 1818 posset.
1401 1737 1548 1799 Erat
1569 1737 1833 1800 edictum
1856 1737 2101 1818 Pompei

304 1835 546 1895 nomine
586 1835 936 1914 Amphipoli
976 1837 1368 1915 propositum,
1411 1837 1503 1896 uti
1549 1856 1755 1896 omnes
1804 1836 1930 1896 eius
1974 1856 2098 1915 pro

304 1932 533 1993 vinciae
595 1932 871 2007 iuniores,
931 1932 1143 1993 Graeci
1200 1933 1475 2012 civesque
1531 1932 1805 2008 Romani,
1864 1933 2101 1994 iurandi

304 2049 482 2090 causa
509 2029 912 2091 convenirent.
1000 2028 1117 2089 Sed
1141 2037 1344 2089 utrum
1366 2030 1728 2090 avertendae
1750 2030 2101 2109 suspicionis

303 2146 479 2187 causa
537 2126 858 2207 Pompeius
919 2127 1346 2206 proposuisset,
1404 2132 1475 2187 ut
1528 2145 1709 2205 quam
1770 2127 2102 2188 diutissime

303 2224 587 2302 longioris
614 2225 792 2305 fugae
819 2223 1133 2284 consilium
1171 2223 1512 2297 occultaret,
1543 2243 1620 2284 an
1663 2224 1834 2284 novis
1877 2224 2104 2285 dilecti-

302 2322 430 2396 bus,
460 2321 509 2381 si
538 2340 713 2382 nemo
743 2328 1055 2400 premeret,
1087 2320 1499 2381 Macedoniam
1536 2327 1741 2381 tenere
1769 2328 2101 2397 conaretur,

303 2419 634 2480 existimari
672 2438 793 2479 non
832 2425 1083 2498 poterat.
1171 2419 1310 2498 Ipse
1345 2418 1422 2479 ad
1459 2438 1736 2479 ancoram
1774 2439 1895 2480 uua
1929 2428 2102 2481 nocte

303 2516 573 2576 constitit
622 2524 684 2577 et
731 2516 956 2577 vocatis
1011 2515 1087 2576 ad
1137 2535 1200 2575 se
1248 2515 1597 2596 Amphipoli
1649 2516 1988 2595 hospitibus
2041 2526 2104 2577 et

301 2614 555 2692 pecunia
605 2614 680 2675 ad
737 2614 1095 2675 necessarios
1150 2621 1426 2692 sumptus
1481 2622 1807 2694 corrogata,
1864 2615 2104 2695 cognito

301 2711 572 2772 Caesaris
614 2711 880 2772 adventu
929 2731 1006 2772 ex
1051 2731 1121 2772 eo
1170 2711 1298 2771 loco
1347 2711 1619 2771 discessit
1666 2720 1729 2772 et
1775 2711 2104 2790 Mytilenas

304 2808 507 2888 paucis
553 2808 763 2870 diebus
812 2809 995 2869 venit.
1106 2807 1369 2868 Biduum
1416 2814 1778 2887 tempestate
1832 2816 2104 2869 retentus

302 2906 673 2984 navibusque
701 2904 832 2966 aliis
860 2905 1082 2966 additis
1111 2904 1389 2965 actuariis
1418 2904 1479 2963 in
1504 2904 1775 2965 Ciliciam
1807 2913 1988 2984 atque
2018 2906 2105 2966 in-

303 3003 379 3063 de
407 3003 675 3083 Cyprum
702 3002 993 3081 pervenit.
1066 3000 1161 3061 Ibi
1192 3000 1495 3079 cognoscit
1523 3019 1810 3062 consensu
1836 3002 2102 3063 omnium

304 3099 796 3160 Antiochensium
828 3099 1163 3177 civiumque
1192 3098 1615 3172 Romanorum,
1647 3100 1749 3178 qui
1780 3099 1902 3159 illic
1929 3120 2103 3177 nego-

1182 3203 1216 3238 Β
2081 3199 2098 3204 -
