2342 3500
282 979 638 1057 TALES
727 978 864 1054 OF
950 976 1181 1050 THE
1270 977 1588 1054 OIVIL
1676 979 1960 1054 WAR.

293 1273 343 1314 1.
416 1265 465 1312 A
515 1263 687 1313 Letter
717 1263 867 1325 from
912 1261 1108 1312 Gaeswr
1149 1262 1197 1312 is
1239 1263 1370 1312 read
1413 1263 1470 1312 in
1510 1263 1587 1312 che
1631 1262 1813 1312 Senate
1856 1262 1963 1312 and

797 1343 1178 1407 unsavourably
1210 1342 1449 1395 received.

306 1443 571 1504 Litterae
599 1463 635 1501 a
662 1443 728 1502 O.
760 1441 1012 1502 Caesare
1041 1440 1386 1501 consulibus
1414 1441 1761 1502 redduntur.

305 1542 504 1619 Aegre
531 1540 923 1617 impetratum
950 1544 1042 1597 est
1067 1545 1139 1597 ut
1164 1537 1230 1597 in
1260 1545 1471 1598 senatu
1499 1539 1907 1600 recitarentur.
1969 1528 1974 1531 ἱ

234 1655 238 1658 ⁴
308 1638 603 1698 Referunt
629 1635 901 1696 consules
929 1635 1004 1696 de
1032 1635 1338 1712 republica
1365 1635 1617 1696 infinite.

308 1735 374 1796 L.
415 1734 706 1796 Lentulus
740 1733 945 1795 consul
981 1733 1217 1795 senatui
1258 1733 1462 1812 reique
1505 1733 1777 1812 publicae
1810 1753 1873 1794 se
1906 1754 2027 1794 non

226 1833 576 1893 defuturum
600 1831 929 1909 pollicetur.
1595 1815 1602 1823 ’

310 1930 385 1989 In
412 1929 664 1990 eandem
691 1928 1053 1988 sententiam
1080 1927 1349 2005 loquitur
1377 1927 1594 2005 Scipio.

309 2027 476 2088 Dicit
501 2027 789 2104 Pompeio
810 2046 936 2086 esse
964 2025 1029 2085 in
1058 2026 1258 2085 animo
1286 2024 1643 2103 reipublicae
1664 2045 1787 2108 non
1808 2025 2025 2085 deesse.

313 2124 478 2185 Haec
506 2123 801 2202 Scipionis
827 2122 1034 2197 oratic,
1057 2121 1219 2201 quod
1247 2129 1488 2182 senatus
1516 2122 1580 2181 in
1607 2122 1753 2181 urbe
1781 2121 2033 2182 habeba-

232 2230 334 2282 tur
364 2222 804 2300 Pompeiusque
839 2221 1061 2290 aberat‚
1098 2239 1176 2279 ex
1218 2219 1406 2297 ipsius
1445 2239 1545 2279 ore
1578 2218 1827 2297 Pompei
1868 2219 2030 2278 mitti

231 2318 566 2379 videbatur.

661 2480 718 2524 2.
789 2473 1022 2536 Pompey
1047 2487 1301 2536 prepares
1316 2472 1417 2535 for
1462 2472 1599 2524 War.

313 2570 536 2631 Missus
564 2576 655 2631 est
683 2569 760 2630 ad
787 2589 1104 2648 vesperum
1132 2577 1391 2630 senatus.

315 2667 554 2743 Omnes,
578 2668 683 2746 qui
710 2675 855 2727 sunt
882 2667 1008 2727 eius
1037 2665 1279 2741 ordinis,
1312 2688 1348 2726 a
1375 2666 1663 2745 Pompeio
1692 2674 2028 2727 evocantur.
2077 2687 2102 2698 “

315 2764 551 2825 Laudat
578 2783 680 2824 eos
706 2764 1029 2843 Pompeius
1056 2770 1238 2841 atque
1270 2763 1336 2822 in
1370 2771 1677 2841 posterum
1704 2765 2028 2823 confirmat.

313 2863 670 2941 Completur
694 2863 840 2922 urbs
867 2862 1147 2935 tribunis,
1178 2861 1642 2936 centurionibus,
1675 2862 1952 2922 evocatis

313 2960 647 3020 Necessarii
675 2959 926 3039 Pompei
945 2966 1124 3037 atque
1146 2958 1415 3019 Caesaris
1433 2958 1658 3018 inimici
1678 2958 1742 3018 in
1763 2967 2037 3019 senatum

236 3065 546 3137 coguntur.

374 3171 416 3223 5
