2342 3500
262 291 298 347 4
585 285 846 347 TALES
890 285 995 347 OF
1035 285 1207 344 THE
1250 285 1477 345 OIVIL
1520 285 1730 346 WAR.

339 457 394 500 ยน7.
467 448 662 499 Cacsar
683 449 909 510 occupies
932 446 1181 498 Asculum
1202 447 1310 496 and
1331 447 1582 496 advances
1603 463 1669 496 on
1694 446 1987 510 Corfinium.

342 571 579 630 Interea
608 570 825 631 Caesar
851 570 1139 629 Asculum
1169 570 1454 629 Picenum
1482 569 1889 648 proficiscitur.

342 667 416 727 Id
464 666 749 746 oppidum
799 666 1091 727 Lentulus
1140 666 1427 745 Spinther
1473 667 1676 726 decem
1716 667 2061 727 cohortibus

262 765 518 825 tenebat.

345 863 458 936 Qui
489 861 758 922 Caesaris
788 861 1049 921 adventu
1080 861 1319 939 cognito
1350 860 1628 938 profugit,
1661 866 1721 920 et
1756 861 1818 920 in
1847 860 2061 920 itinere

263 960 327 1019 in
355 958 690 1018 Vibullium
720 958 946 1018 Rufum
974 959 1223 1017 missum
1251 979 1286 1017 a
1315 958 1600 1035 Pompeio
1628 957 1855 1017 incidit.

343 1056 646 1116 Vibullius
675 1055 894 1115 milites
922 1055 997 1115 ab
1026 1075 1096 1114 eo
1125 1055 1355 1131 accipit,
1388 1054 1585 1132 ipsum
1612 1054 1869 1114 dimittit
1896 1061 1958 1114 et
1985 1053 2063 1115 ad

263 1153 595 1213 Domitium
626 1152 1097 1212 Ahenobarbum
1131 1152 1461 1211 Corfinium
1487 1152 1719 1229 magnis
1748 1151 2064 1211 itineribus

265 1250 554 1328 pervenit.

347 1345 658 1406 Caesarem
688 1345 891 1406 adesse
922 1365 1054 1405 cum
1083 1345 1419 1424 legionibus
1448 1345 1680 1404 duabus
1707 1345 1964 1405 nuntiat.

347 1443 564 1503 Caesar
617 1443 742 1520 ipse
798 1463 982 1502 unum
1039 1443 1200 1502 diem
1256 1442 1342 1502 rei
1398 1442 1822 1502 frumentariae
1890 1462 2067 1503 causa

268 1547 532 1601 moratus
561 1539 894 1599 Corfinium
923 1539 1250 1599 contendit.

346 1637 435 1696 Eo
490 1656 623 1696 cum
669 1636 929 1696 venisset
977 1635 1052 1695 ad
1109 1636 1398 1714 oppidum
1455 1637 1725 1696 constitit
1779 1636 2066 1715 iuxtaque

268 1755 503 1794 murum
532 1741 724 1794 castra
752 1733 965 1811 posuit.

304 1983 361 2026 8.
433 1975 520 2025 Do
529 1974 706 2024 mitius
731 1976 785 2024 in
808 1974 929 2024 vain
951 1975 1085 2026 scelos
1108 1977 1248 2039 Help
1259 1976 1409 2039 from
1431 1977 1677 2040 Pompey.
1752 1977 2035 2040 Corfinium

864 2058 1163 2107 surrenders
1186 2065 1236 2107 to
1260 2057 1468 2108 Caesar.

349 2178 652 2239 Domitius
685 2178 761 2238 ad
796 2179 1148 2258 Pompeium
1190 2181 1253 2239 in
1294 2180 1580 2258 Apuliam
1624 2182 1846 2259 peritos
1886 2182 2069 2260 regio-

272 2297 414 2336 num
457 2296 592 2335 cum
630 2276 847 2336 litteris
890 2278 1096 2350 mittit,
1145 2277 1251 2355 qui
1290 2285 1499 2355 petant
1541 2287 1722 2355 atque
1764 2286 1955 2351 orent,
1999 2287 2069 2337 ut

271 2374 385 2432 sibi
414 2373 745 2433 subveniat.

351 2470 670 2547 Pompeius
698 2470 1013 2548 rescripsit,
1035 2489 1161 2529 sese
1190 2489 1314 2529 rem
1334 2470 1399 2528 in
1421 2489 1720 2529 summum
1740 2471 2068 2548 periculum

272 2566 668 2627 deducturum
695 2586 817 2625 non
846 2585 987 2626 esse.

351 2663 685 2722 Domitium
713 2661 788 2721 ad
817 2682 879 2721 se
908 2682 1038 2721 cum
1072 2661 1345 2721 omnibus
1373 2662 1558 2740 copiis
1586 2661 1789 2721 venire
1815 2662 2005 2720 iussit.

352 2760 425 2820 Id
461 2780 537 2819 ne
580 2760 707 2818 fieri
754 2766 970 2836 posset,
1011 2757 1322 2817 obsidione
1360 2764 1538 2835 atque
1576 2757 1780 2835 oppidi
1822 2759 2065 2817 circum-

272 2856 605 2915 munitione
633 2856 828 2914 fiebat.

350 2951 655 3011 Domitius
722 2970 935 3011 arcano
1008 2971 1144 3011 cum
1211 2953 1413 3031 paucis
1481 2952 1872 3015 familiaribus
1941 2954 2063 3015 suis

271 3048 630 3125 colloquitur
656 3048 1084 3129 consiliumque
1113 3049 1288 3130 fugae
1318 3071 1526 3130 capere
1554 3052 1882 3113 constit-uit.
