2342 3500
619 296 876 357 TALES
921 296 1024 357 OF
1066 296 1234 356 THE
1278 295 1503 356 CIVlL
1550 296 1758 357 WAR.
2047 300 2081 354 5

330 442 337 447 ’
367 457 693 536 Divulgato
768 457 1019 517 Domitii
1085 456 1333 516 consilio
1403 455 1626 516 milites
1683 476 1821 516 suae
1877 457 2085 517 salutis

291 555 583 615 rationem
609 555 847 614 habent.

370 652 585 730 Itaque
612 650 840 729 legatos
862 671 938 710 ex
959 670 1066 710 suo
1083 670 1331 710 numero
1361 650 1438 710 ad
1468 650 1778 711 Caesarem
1806 651 2085 711 mittunt:

291 769 418 809 sese
446 756 685 826 paratos
707 768 833 808 esse
861 754 1064 825 portas
1087 748 1315 825 aperire
1345 753 1406 806 et
1434 747 1498 806 L.
1520 746 1858 807 Domitium
1879 748 2085 828 vivum

291 846 357 905 in
384 846 510 905 eius
537 851 897 924 potestatem
929 844 1182 904 tradere.

372 941 588 1003 Caesar
657 960 861 1001 omnes
939 949 1242 1001 senatores
1319 947 1779 1018 senatorumque
1850 941 2083 1014 liberoS,
2125 941 2128 944 ⁴

289 1040 563 1099 tribunos
596 1039 856 1098 militum
890 1039 1238 1115 equitesque
1277 1037 1578 1098 Romanos
1619 1038 1695 1098 ad
1738 1058 1800 1098 se
1840 1038 2085 1117 produci

289 1136 473 1196 iubet.

373 1232 501 1292 Hos
530 1251 734 1292 omnes
763 1230 1019 1291 dimittit
1046 1231 1387 1291 incolumes.

370 1328 598 1389 Milites
642 1328 1019 1388 Domitianos
1074 1336 1507 1388 sacramentum
1562 1328 1721 1407 apud
1775 1350 1838 1391 se
1892 1329 2087 1391 dicere

289 1426 473 1485 iubet.
1177 1442 1180 1447 '

373 1522 458 1582 Eo
487 1520 585 1584 die
613 1529 804 1581 castra
830 1528 1034 1582 movet
1061 1529 1122 1583 et
1151 1522 1214 1580 in
1247 1522 1527 1599 Apuliam
1554 1523 1841 1599 pervenit.

348 1819 402 1864 0.
441 1781 674 1876 Pompe&
695 1828 808 1876 90oe
828 1819 878 1862 to
902 1812 1243 1863 Brundisium
1264 1815 1372 1863 and
1395 1816 1561 1865 thence
1583 1814 1790 1878 secretly
1809 1814 2041 1877 sailsfor

1095 1894 1289 1946 Grcece.

376 2008 701 2088 Pompeius
741 2008 837 2069 his
878 2008 1055 2069 rebus
1097 2010 1369 2088 cognitis„
1415 2030 1567 2089 quae
1608 2019 1780 2071 erant
1830 2010 1905 2069 ad
1953 2012 2090 2071 Cor-

294 2106 501 2166 finium
532 2113 751 2185 gestae,
782 2106 1170 2166 Brundisium
1200 2108 1606 2184 proficiscitur.

376 2201 665 2264 Consules
693 2202 1139 2280 Dyrrhachium
1167 2224 1302 2263 cum
1337 2225 1553 2284 magna
1590 2210 1758 2282 parte
1794 2204 2089 2264 exercitus

294 2299 547 2378 profecti
576 2304 735 2359 sunt.

377 2396 698 2475 Pompeius
761 2415 895 2455 cum
951 2396 1168 2475 viginti
1233 2397 1576 2457 cohortibus
1638 2395 1945 2456 Brundisii
2007 2417 2091 2456 re-

298 2493 594 2553 manebat.

378 2590 596 2650 Caesar
635 2588 1026 2649 Brundisium
1071 2590 1347 2667 pervenit
1383 2597 1444 2649 et
1473 2590 1685 2650 exitus
1722 2590 2092 2650 administra-

298 2686 611 2763 tionesque
638 2686 987 2745 Brundisini
1017 2695 1225 2764 portus
1254 2687 1543 2765 impedire
1571 2688 1853 2747 instituit.

380 2783 713 2860 PompeiuS‚
767 2784 894 2843 sive
944 2783 1223 2861 operibus
1280 2783 1551 2843 Caesaris
1607 2791 1911 2862 permotus
1967 2783 2091 2843 sive

299 2880 482 2940 etiam
537 2879 698 2958 quod
753 2880 830 2939 ab
878 2879 1054 2940 initio
1109 2879 1290 2939 Italia
1344 2880 1627 2940 excedere
1684 2881 2090 2955 constituerat,

300 2976 521 3037 milites
591 2976 831 3036 silentio
895 2996 1076 3036 naves
1144 2976 1541 3037 conscendere
1612 2976 1795 3050 iubet,
1855 2984 1916 3036 et
1984 2976 2096 3035 sub

302 3079 537 3132 noctem
581 3092 762 3131 naves
804 3072 998 3132 solvit.
