2342 3500
580 289 843 349 TALES
887 289 991 349 OF
1033 289 1200 348 THE
1244 289 1471 349 OIVIL
1514 289 1724 350 WAR.
1974 294 2041 348 21

353 503 447 546 81.
493 496 689 547 Caesar
710 498 818 547 and
842 496 1073 560 Pompey
1095 513 1307 559 eucamp
1329 513 1391 546 on
1416 498 1635 560 opposite
1659 495 1791 545 sides
1812 497 1878 558 of
1888 497 1964 545 che

970 578 1126 628 River
1147 578 1337 641 Apsus.

335 691 421 752 At
463 692 781 771 Pompeius
825 694 1077 772 cognitis
1116 694 1211 753 his
1253 694 1444 767 rebuS,
1485 714 1636 772 quae
1679 700 1849 752 erant
1891 693 2050 752 Orici

255 797 436 867 atque
478 790 832 868 Apolloniae
875 799 1092 868 gestae,
1131 790 1511 867 Dyrrhachio
1553 790 1789 863 timenS,
1820 790 2050 849 diurnis

253 906 321 945 eo
362 887 786 965 nocturnisque
829 886 1145 946 itineribus
1190 888 1511 947 contendit.
1599 886 1791 946 Simul
1835 887 2050 946 Caesar

254 984 728 1062 appropinquare
757 984 1082 1043 dicebatur.
1169 983 1289 1042 Sed
1324 1004 1457 1042 cum
1496 1004 1678 1062 prope
1714 984 2049 1060 Dyrrhach-

252 1079 377 1138 ium
406 1080 726 1158 Pompeius
766 1079 1131 1140 constitisset
1168 1088 1477 1157 castraque
1516 1081 1726 1139 metari
1765 1081 2047 1153 iussisset,

253 1176 472 1237 Caesar
513 1184 943 1254 praeoccupato
988 1177 1202 1236 itinere
1252 1176 1328 1235 ad
1377 1177 1819 1254 Dyrrhachium
1869 1178 2047 1237 finem

253 1274 611 1351 properandi
659 1273 802 1333 facit
851 1279 1158 1352 castraque
1202 1274 1278 1333 ad
1327 1274 1549 1333 flumen
1596 1276 1829 1351 Apsum
1878 1277 2049 1352 ponit

252 1371 316 1428 in
370 1369 587 1429 finibus
640 1369 1109 1447 Apollonatium.
1218 1369 1309 1429 Ibi
1352 1370 1710 1448 reliquarum
1756 1391 1830 1430 ex
1874 1371 2050 1430 Italia

253 1466 552 1544 legionum
581 1467 908 1526 adventum
931 1473 1272 1545 exspectare
1297 1476 1357 1527 et
1379 1468 1490 1526 sub
1512 1468 1766 1545 pellibus
1788 1468 2048 1527 hiemare

252 1564 579 1623 constituit.
667 1563 798 1623 Hoc
828 1563 987 1623 idem
1016 1564 1335 1640 Pompeius
1362 1564 1502 1623 fecit
1532 1571 1592 1623 et
1626 1571 1790 1623 trans
1827 1565 2047 1623 flumen

254 1661 486 1737 Apsum
543 1661 750 1739 positis
805 1661 1012 1719 castris
1067 1681 1136 1720 eo
1194 1661 1390 1739 copias
1446 1681 1650 1720 omnes
1710 1662 2048 1738 auxiliaque
2114 1657 2124 1664 ’

254 1759 558 1819 conduxit.

339 1994 435 2038 32.
477 1988 903 2052 Reinsorcements
912 1989 1060 2050 from
1085 1990 1227 2051 Italy
1248 1989 1376 2038 land
1397 1996 1453 2038 at
1478 1983 1841 2052 Nymphaeum
1864 1991 1971 2039 and

788 2073 990 2121 succecd
1012 2071 1068 2120 in
1078 2071 1284 2135 joining}
1309 2071 1515 2121 Caesar.

338 2184 520 2244 Multi
562 2184 680 2244 iam
722 2204 952 2256 menses
995 2192 1166 2244 erant
1207 2192 1269 2243 et
1309 2185 1497 2244 hiems
1541 2186 2046 2264 praecipitaverat,

257 2302 450 2359 neque
513 2281 833 2342 Brundisio
896 2301 1076 2342 naves
1144 2281 1524 2360 legionesque
1593 2284 1669 2343 ad
1738 2284 2049 2345 Caesarem

258 2379 591 2439 veniebant.
680 2378 769 2438 Ac
811 2378 1130 2439 nonnullae
1172 2380 1299 2439 eius
1339 2379 1426 2439 rei
1473 2381 1918 2457 praetermissae
1963 2405 2051 2444 oc-

257 2476 520 2537 casiones
548 2476 789 2537 Caesari
818 2476 1195 2538 videbantur.
1282 2477 1510 2550 Quibus
1538 2480 1714 2539 rebus
1748 2490 2050 2558 permotus

258 2573 476 2634 Caesar
527 2574 910 2633 Brundisium
957 2574 1032 2633 ad
1081 2594 1219 2633 suos
1275 2575 1535 2635 severius
1590 2577 1839 2655 scripsit,
1891 2580 2050 2638 nacti

257 2670 537 2731 idoneum
562 2678 808 2730 ventum
831 2690 905 2729 ne
930 2672 1292 2730 occasionem
1316 2673 1638 2751 navigandi
1659 2675 2052 2735 dimitterent;

258 2768 357 2827 Illi
414 2767 969 2827 administrantibus
1027 2767 1108 2826 M.
1168 2769 1438 2828 Antonio
1494 2779 1555 2829 et
1609 2770 1778 2831 Fufio
1827 2772 2050 2833 Caleno

258 2866 418 2925 nacti
457 2872 722 2923 austrum
762 2883 945 2923 naves
982 2864 1222 2922 solvunt
1259 2872 1436 2942 atque
1473 2867 1658 2926 altero
1688 2868 1784 2928 die
1805 2859 2051 2947 *Apollo-

260 2964 420 3022 niam
450 2962 1000 3040 praetervehuntur.
1090 2961 1268 3020 Nacti
1297 2972 1553 3037 portum,
1585 2966 1689 3040 qui
1720 2967 2051 3043 appellatur

261 3059 696 3137 Nymphaeum,
731 3078 800 3118 eo
827 3078 1008 3117 naves
1038 3057 1516 3118 introduxerunt.
