2342 3500
338 283 375 338 2
669 278 928 338 TALES
970 279 1075 338 OF
1117 279 1285 339 THE
1329 280 1557 340 GIVIL
1600 280 1812 340 WAR.

419 440 651 499 Horum
690 441 932 498 vocibus
979 448 1042 499 et
1083 460 1375 500 concursu
1418 447 1725 501 terrentur
1767 442 2145 517 infirmiores»,

334 535 507 596 dubii
550 538 994 609 confirmantur,
1032 536 1332 616 plerisque
1373 557 1515 598 vero
1558 538 1742 597 libere
1784 538 2150 619 decernendi

333 641 600 711 potestas
628 634 892 712 eripitur.

334 798 392 840 8.
472 791 575 839 'J'lce
608 791 788 839 Senate
822 806 965 838 arms
997 791 1078 839 the
1110 790 1449 850 Maqistrates
1480 791 1602 840 with
1635 791 1930 840 dictatorial
1949 808 2141 853 poweo.

771 871 874 920 Tlee
914 871 1162 920 Tribunos
1195 886 1371 934 escape
1405 879 1454 921 to
1490 871 1696 921 Caesar.

413 969 543 1029 Iam
611 969 933 1048 Pompeius
999 977 1200 1029 totum
1272 990 1334 1029 se
1404 970 1479 1029 ab
1548 970 1816 1029 Caesaris
1878 971 2146 1030 amicitia

326 1072 630 1127 averterat
684 1074 747 1126 et
802 1086 936 1125 cum
991 1066 1409 1125 communibus
1463 1066 1719 1126 inimicis
1764 1066 1828 1125 in
1881 1067 2142 1145 gratiam

330 1164 605 1224 redierat.

411 1260 563 1319 Rem
595 1259 669 1318 ad
699 1279 865 1319 arma
891 1258 1107 1318 deduci
1136 1259 1431 1320 studebat.

411 1357 525 1415 His
552 1356 626 1416 de
656 1357 847 1416 causis
876 1364 1140 1435 aguntur
1168 1356 1371 1416 omnia
1396 1357 1618 1435 raptim
1647 1364 1826 1435 atque
1854 1357 2112 1418 turbate.

410 1454 766 1515 Decurritur
826 1453 905 1513 ad
967 1452 1121 1514 illud
1194 1460 1533 1514 extremum
1603 1462 1783 1533 atque
1852 1455 2140 1515 ultimum

324 1550 909 1611 senatusconsultum
929 1573 946 1626 3

409 1648 575 1706 Dent
608 1667 850 1725 operam
890 1647 1177 1723 consuleS,
1209 1655 1530 1725 praetores,
1562 1648 1791 1708 tribuni
1820 1648 2027 1727 plebiS,
2060 1669 2138 1709 ne

322 1745 474 1825 quid
503 1744 839 1824 respublica
867 1743 1220 1806 detrimenti
1250 1746 1461 1825 capiat.

408 1842 773 1921 Profugiunt
813 1843 1021 1902 statim
1063 1862 1142 1903 ex
1183 1842 1333 1903 urbe
1378 1842 1609 1902 tribuni
1653 1844 1845 1922 plebis
1889 1864 2136 1922 seseque

322 1940 402 2000 ad
432 1939 745 2000 Caesarem
773 1939 1103 2001 conferunt.

407 2037 467 2102 Is
510 2058 580 2097 eo
624 2044 892 2114 tempore
936 2044 1066 2097 erat
1107 2037 1433 2098 Ravennae
1474 2039 1978 2117 exspectabatque
2013 2039 2135 2098 suis

322 2134 644 2195 lenissimis
670 2133 989 2212 postulatis
1016 2154 1314 2212 responsa.

318 2297 383 2341 4.
422 2253 431 2258 0
452 2290 645 2353 Troops
666 2305 758 2340 wre
779 2288 939 2339 levied
959 2289 1017 2339 in
1038 2290 1077 2339 I
1073 2289 1199 2353 Caly.
1266 2289 1460 2340 Caesar
1480 2291 1695 2352 appeale
1717 2298 1766 2340 to
1787 2288 1866 2340 his
1888 2291 2128 2351 Soldiere,

819 2371 929 2420 who
945 2373 1170 2432 promise
1191 2377 1243 2419 ιο
1264 2376 1479 2433 support
1501 2369 1623 2420 him.

404 2469 701 2530 Proximis
729 2467 943 2528 diebus
970 2467 1229 2527 habetur
1254 2472 1428 2526 extra
1454 2465 1662 2526 urbem
1691 2472 1945 2526 senatus.

403 2566 723 2645 Pompeius
740 2562 948 2624 eadem
965 2563 1084 2637 illa,
1106 2581 1259 2639 quae
1282 2582 1387 2640 per
1406 2560 1743 2638 Scipionem
1763 2558 2126 2632 ostenderat,

314 2672 556 2821 δὲιῶοιει
611 2757 790 2819 Italia
843 2755 1100 2816 dilectus
1153 2754 1472 2828 habentur,
1518 2771 1685 2813 arma
1736 2744 2125 2831 imperantur,

318 2856 605 2935 pecuniae
635 2875 670 2914 a
696 2851 1038 2930 municipiis
1065 2851 1413 2930 exiguntur,
1444 2870 1477 2911 e
1505 2850 1662 2910 fanis
1689 2848 2004 2910 tolluntur.

398 2953 629 3027 Quibus
678 2952 862 3012 rebus
916 2949 1172 3028 cognitis
1229 2948 1449 3010 Caesar
1504 2947 1666 3028 apud
1717 2948 1943 3009 milites
1995 2967 2126 3008 con·

310 3051 602 3111 tionatur.
