2342 3500
246 246 282 302 8
574 242 832 303 TALES
876 242 980 303 OF
1021 242 1189 303 THE
1232 241 1456 301 OIVIL
1500 241 1711 303 WAR.

327 403 506 463 Hunc
555 405 605 463 si
654 402 1062 480 occupavisset
1110 403 1329 462 Caesar
1368 410 1430 462 et
1479 402 1917 473 communisset,
1963 400 2043 460 ab

246 500 466 579 oppido
514 507 576 560 et
623 509 955 561 commeatu
1006 501 1169 563 omni
1219 520 1281 560 se
1330 499 1791 560 interclusurum
1836 498 2043 559 adver-

246 596 432 657 sarios
479 597 829 658 confidebat.

605 760 697 803 13.
736 752 989 803 Skirmish
999 753 1096 816 sor
1111 754 1395 816 possession
1416 754 1528 817 osa
1551 755 1616 804 H
1612 755 1683 805 ill.

327 850 458 911 Hoc
514 871 773 929 speram,
831 851 1095 933 legiones
1151 860 1274 913 tres
1332 873 1407 913 ex
1461 854 1670 914 castris
1725 853 1925 912 educit
1979 859 2042 912 et

246 948 424 1008 unius
480 948 729 1030 legionis
785 951 1207 1030 antesignanos
1271 970 1613 1029 procurrere
1667 957 1847 1028 atque
1903 968 2040 1009 eum

247 1045 543 1106 tumulum
590 1066 874 1124 occupare
916 1047 1100 1107 iubet.

328 1143 564 1203 Afranii
601 1144 874 1204 cohortes
913 1144 1185 1204 breviore
1223 1144 1439 1204 itinere
1472 1143 1548 1203 ad
1587 1143 1843 1204 eundem
1879 1162 2039 1202 occu-

247 1240 513 1317 pandum
553 1241 750 1301 locum
790 1241 1135 1301 mittuntur.

330 1337 732 1397 Contenditur
786 1338 1011 1415 proelio
1061 1344 1138 1412 et,
1193 1337 1355 1416 quod
1409 1338 1585 1417 prius·
1628 1338 1692 1396 in
1741 1336 2041 1396 tumulum

248 1436 562 1495 Afraniani
611 1443 917 1509 venerant,
969 1435 1160 1495 nostri
1214 1435 1584 1514 repelluntur
1638 1443 1819 1513 atque
1874 1443 2043 1514 terga

249 1541 481 1594 vertere
510 1553 692 1611 seque
720 1533 798 1592 ad
833 1533 1004 1612 signa
1030 1533 1334 1612 legionum
1361 1533 1622 1610 recipere
1650 1538 1960 1612 coguntur.

330 1630 547 1691 Caesar
595 1630 938 1691 cohortatus
988 1649 1124 1689 snos
1171 1629 1469 1708 legionem
1516 1649 1735 1690 nonam
1777 1628 2041 1688 subsidio

251 1728 417 1789 ducit
441 1752 457 1803 3
499 1729 733 1789 hostem
763 1734 999 1788 nostros
1027 1726 1445 1806 insequentem
1472 1726 1791 1806 supprimit
1819 1746 2042 1786 rursus-

252 1847 368 1904 que
396 1833 563 1904 terga
591 1832 824 1886 vertere
854 1844 1034 1903 seque
1063 1824 1139 1884 ad
1178 1824 1467 1903 oppidum
1495 1824 1755 1884 Ilerdam
1782 1825 2041 1902 recipere

251 1930 313 1983 et
339 1923 450 1983 sub
478 1942 649 1982 muro
677 1922 998 1982 consistere
1028 1922 1203 2000 cogit.

331 2020 497 2080 Haec
552 2020 677 2079 eius
734 2019 853 2080 diei
907 2020 1243 2098 praefertur
1296 2020 1513 2098 opinio,
1567 2028 1635 2079 ut
1690 2040 1752 2080 se
1805 2020 2043 2099 utrique

253 2117 584 2195 superiores
627 2116 961 2177 discessisse
1011 2116 1458 2177 existimarent:
1521 2118 1834 2177 Afraniani
1884 2116 2043 2196 quod

252 2214 552 2274 tumulum
610 2215 957 2289 tenuissent,
1018 2234 1168 2292 quae
1226 2234 1399 2274 causa
1460 2214 1769 2293 pugnandi
1828 2216 2036 2289 fuerat,

253 2320 315 2371 et
351 2318 586 2372 nostros
624 2313 818 2389 primo
856 2331 1174 2391 congressu
1213 2318 1381 2390 terga
1413 2317 1646 2372 vertere
1686 2312 2016 2394 coegissent
2024 2336 2041 2388 3

253 2408 442 2468 nostri
500 2418 719 2483 autem,
768 2409 929 2487 quod
983 2409 1190 2486 iniquo
1244 2408 1372 2467 loco
1428 2408 1725 2485 congressi
1779 2408 2042 2485 quinque

252 2507 414 2567 horis
469 2506 755 2584 proelium
817 2505 1241 2565 sustinuissent
1295 2512 1359 2564 et
1412 2503 1780 2564 adversarios
1833 2504 1898 2561 in
1946 2523 2042 2580 op-

253 2603 463 2681 pidum
506 2604 945 2682 compulissent.

343 2759 434 2803 14.
475 2752 680 2802 Several
701 2750 928 2813 Spanish
957 2750 1130 2799 Tribes
1142 2750 1261 2813 jein
1286 2749 1492 2799 Caesar.
1566 2748 1829 2811 Afranius
1851 2750 1960 2799 and

525 2832 759 2883 Petreius
780 2832 1049 2883 determine
1071 2838 1119 2881 ιο
1141 2839 1331 2881 remeat
1352 2831 1457 2881 into
1483 2831 1766 2883 Celtiberia.

333 2931 585 2990 Interim
655 2931 940 2991 Oscenses
1010 2937 1069 2990 et
1138 2930 1580 3010 Calagurritani
1648 2932 1900 2991 mittunt
1967 2930 2041 2991 ad

253 3028 565 3088 Caesarem
625 3029 853 3109 legatos
909 3048 1152 3108 seseque
1209 3029 1500 3109 imperata
1559 3030 1821 3091 facturos
1876 3029 2041 3108 polli-
