2342 3500
294 290 368 347 28
619 289 877 351 TALES
920 290 1024 351 OF
1067 291 1238 352 THE
1280 293 1503 353 OIVIL
1549 295 1756 356 WAR.

290 451 445 509 versi
473 470 590 510 non
622 451 815 511 solum
844 452 974 513 loco
1011 453 1385 528 excederent,
1418 454 1521 514 sed
1549 458 1822 533 protinus
1849 459 2087 520 incitati
2139 481 2146 487 ·

289 546 430 625 fuga
491 555 725 608 montes
785 549 1105 611 altissimos
1167 559 1460 628 peterent.
1566 554 1793 617 Eodem
1854 557 2089 634 impetu

289 644 563 704 cohortes
600 646 911 707 sinistrum
950 667 1133 707 cornu
1173 650 1582 726 pugnantibus
1625 653 1805 712 etiam
1848 661 1972 713 tum
2019 675 2088 717 ac

289 742 701 801 resistentibus
734 744 796 802 in
831 744 953 803 acie
987 744 1367 822 Pompeianis
1406 748 1830 810 circumierunt
1866 771 2085 828 eosque

287 858 322 896 a
350 847 516 916 tergo
545 845 687 898 sunt
716 840 974 900 adortae.
1062 840 1289 902 Eodem
1317 828 1583 921 tempore
1621 847 1859 906 tertiam
1898 848 2086 908 aciem

288 935 520 1007 Caesar,
565 954 717 1013 quae
760 937 964 1014 quieta
1002 938 1199 999 fuerat
1239 946 1301 998 et
1343 959 1410 1001 se
1452 941 1527 1001 ad
1572 942 1634 1002 id
1677 952 1913 1023 tempus
1954 945 2085 1006 loco

286 1040 576 1106 tenuerat,
620 1053 965 1111 procurrere
1002 1035 1190 1094 iussit.
1278 1036 1375 1096 Ita
1415 1058 1548 1098 cum
1598 1048 1863 1101 recentes
1903 1049 2086 1121 atque

285 1129 502 1206 integri
533 1128 780 1189 defessis
810 1132 1243 1206 successissent,
1278 1132 1380 1193 alii
1409 1143 1608 1195 autem
1639 1158 1673 1196 a
1700 1144 1867 1216 tergo
1897 1138 2086 1199 adori-

286 1232 507 1296 rentur,
566 1226 858 1285 sustinere
922 1227 1273 1305 Pompeiani
1335 1250 1456 1289 non
1518 1240 1843 1310 potueruut
1904 1243 2084 1314 atque

285 1323 549 1383 universi
576 1331 745 1402 terga
773 1332 1095 1385 verterunt.

283 1718 386 1763 40.
430 1714 657 1778 Pompey
690 1715 865 1763 ποεῖν-63
899 1720 947 1763 to
982 1711 1060 1762 his
1093 1712 1277 1776 Gamp.
1354 1713 1457 1763 The
1494 1713 1659 1775 camp
1694 1711 1739 1763 is
1773 1711 1938 1772 taken,
1974 1711 2082 1762 aud

414 1796 658 1858 Pompeis,
704 1793 942 1857 ceccupius]
979 1795 1097 1844 with
1131 1795 1394 1859 difficvdty,
1426 1794 1596 1844 makes
1630 1796 1708 1844 his
1741 1810 1857 1857 way
1874 1794 1997 1856 first
2032 1802 2082 1843 to

414 1877 632 1925 Larissa
655 1876 764 1925 and
786 1876 1094 1939 qfterwards
1119 1885 1167 1925 ιο
1200 1877 1280 1925 the
1303 1876 1568 1925 Sea-shore
1591 1876 1749 1925 where
1772 1876 1829 1924 he
1853 1875 2082 1925 embarks

413 1973 476 2006 οη
499 1958 661 2006 board
683 1973 718 2006 a
743 1957 879 2007 Corn
899 1957 1045 2020 Ship.

363 2105 485 2166 Sed
528 2106 866 2185 Pompeius,
914 2114 983 2166 ut
1033 2106 1367 2184 equitatum
1417 2127 1590 2168 suum
1640 2105 1881 2184 pulsum
1923 2104 2081 2165 vidit

282 2210 463 2280 atque
491 2223 620 2263 eam
648 2212 895 2281 partem,
922 2205 1017 2263 cui
1038 2204 1297 2264 maxime
1325 2203 1678 2278 confidebat,
1702 2204 2081 2281 perterritam

282 2301 544 2362 animum
592 2301 866 2374 advertit,
914 2302 1043 2361 aliis
1092 2321 1330 2379 quoque
1380 2301 1607 2360 diffisus
1657 2298 1805 2361 acie‘
1827 2302 2081 2361 excessit

284 2399 672 2475 protinusque
716 2419 776 2458 se
818 2399 881 2457 in
924 2407 1117 2458 castra
1164 2418 1318 2475 equo
1367 2398 1636 2470 contulit,
1682 2418 1946 2458 summae
1993 2400 2081 2458 rei

282 2495 553 2554 diffidens
606 2503 670 2555 et
726 2503 928 2555 tamen
984 2503 1266 2555 eventum
1316 2502 1681 2572 exspectans,
1786 2496 1998 2556 Castra
2044 2517 2081 2555 a

283 2592 638 2665 cohortibUS‚
673 2613 825 2673 quae
853 2591 934 2651 ibi
966 2592 1260 2669 praesidio
1296 2600 1466 2652 erant
1499 2591 1754 2666 relictae,
1786 2592 2080 2651 industrie

281 2689 770 2749 defendebantur.
859 2688 1068 2765 Neque
1116 2708 1258 2747 vero
1307 2688 1428 2761 diu,
1478 2688 1583 2765 qui
1628 2689 1691 2747 in
1741 2688 1898 2748 vallo
1946 2708 2081 2748 con-

278 2787 575 2859 stiterant,
616 2785 1070 2845 multitudinem
1111 2786 1367 2845 telorum
1405 2787 1698 2845 sustinere
1734 2793 2076 2863 potuerunt,

282 2884 387 2943 sed
415 2883 667 2943 confecti
690 2883 1036 2942 vulneribus
1063 2883 1258 2942 locum
1280 2882 1665 2960 reliquerunt,
1689 2883 2079 2960 protinusque

283 3000 486 3040 omnes
520 2980 770 3040 ducibus
797 2982 889 3040 usi
918 2981 1365 3045 centurionibus
1405 2980 1779 3058 tribunisque
1818 2980 2078 3040 militum

281 3078 346 3136 in
379 3076 697 3135 altissimos
735 3085 985 3148 monteS,
1018 3079 1119 3154 qui
1164 3077 1241 3136 ad
1284 3085 1477 3137 castra
1518 3077 1914 3155 pertinebant,
1947 3097 2081 3139 con-
