2342 3500
630 307 887 366 TALEs
931 307 1035 367 OF
1071 307 1240 365 THE
1284 306 1508 367 CIVIL
1553 306 1764 366 WAR.
2015 309 2088 366 25

250 464 253 467 ’
297 469 480 529 venit.
565 469 986 545 Metropolitae
1036 489 1171 528 casu
1218 468 1478 527 civitatis
1523 467 1919 544 Gomphensis
1964 487 2091 545 cog-

298 565 426 624 nito
471 572 672 643 portas
721 573 1097 642 aperuerunt.
1187 564 1415 638 Quibus
1464 564 1915 642 diligentissime
1961 584 2092 623 con-

297 663 561 736 servatiS,
635 662 849 722 collata
916 662 1157 721 fortuna
1227 661 1680 738 Metropolitum
1752 682 1881 721 cum
1954 681 2089 720 casu

297 759 783 838 Gomphensium,
831 758 998 819 nulla
1045 757 1385 817 Thessaliae
1437 758 1551 817 fuit
1598 759 1809 818 civitas
1858 764 2092 836 praeter

292 855 614 932 Larisaeos,
656 858 760 935 qui
802 856 1030 933 magnis
1074 854 1432 914 exercitibus
1476 855 1767 932 Scipionis
1811 856 2091 940 teneban-

294 961 408 1028 tur,
452 956 597 1032 quin
640 954 875 1014 Caesari
918 960 1199 1029 parerent
1241 960 1418 1029 atque
1467 952 1757 1029 imperata
1804 952 2082 1012 facerent.

292 1051 405 1110 Ille
453 1050 731 1111 idoneum
782 1050 976 1110 locum
1024 1050 1088 1131 in
1137 1050 1294 1127 agris
1343 1057 1551 1109 nactus
1593 1049 1784 1126 plenis
1829 1050 2117 1110 frumen--

291 1154 506 1221 torum,
552 1167 702 1225 quae
744 1167 927 1226 prope
969 1147 1088 1206 iam
1129 1155 1366 1206 matura
1406 1153 1593 1217 erant,
1637 1146 1721 1205 ibi
1762 1146 2082 1206 adventum

292 1252 633 1320 exspectare
660 1244 908 1322 Pompei
948 1264 1134 1322 eoque
1173 1264 1407 1304 omnem
1447 1243 1587 1302 belli
1624 1244 1917 1303 rationem
1954 1264 2087 1304 con-

288 1340 442 1399 ferre
471 1341 793 1401 constituit.

398 1602 496 1646 86.
537 1597 767 1661 Pompey
790 1606 951 1647 enters
979 1598 1235 1661 Thessaly.
1311 1599 1374 1647 H
1373 1600 1414 1647 is
1439 1599 1605 1662 Party
1628 1616 1717 1648 arc
1740 1600 1985 1663 confident

1031 1679 1097 1742 of
1118 1680 1331 1743 Victory.

366 1816 685 1896 Pompeius
713 1819 914 1897 paucis
940 1827 1078 1897 post
1099 1820 1308 1880 diebus
1329 1821 1390 1879 in
1415 1820 1777 1881 Thessaliam
1807 1824 2081 1900 pervenit

283 1915 780 1993 contionatusque
836 1915 994 1993 apud
1052 1922 1327 1975 cunctum
1393 1919 1719 1977 exercitum
1775 1921 1898 1979 suis
1955 1922 2079 1999 agit

280 2013 521 2089 gratias,
555 2013 848 2091 Scipionis
891 2013 1113 2073 milites
1154 2014 1513 2089 cohortatur,
1550 2019 1918 2095 receptisque
1962 2039 2080 2078 om-

280 2108 458 2168 nibus
509 2110 574 2168 in
619 2130 739 2169 una
786 2119 980 2170 castra
1023 2110 1353 2188 legionibus
1402 2132 1576 2171 suum
1621 2134 1751 2172 cum
1803 2115 2076 2193 Scipione

279 2205 566 2265 honorem
597 2208 866 2284 partitur.
955 2208 1166 2267 Auctis
1210 2209 1392 2287 copiis
1433 2209 1682 2288 Pompei
1728 2212 2074 2292 duobusque

281 2304 513 2381 magnis
556 2304 914 2364 exercitibus
957 2306 1288 2364 coniunctis
1331 2307 1585 2384 pristina
1633 2308 1896 2368 omnium
1944 2331 2074 2370 con-

278 2401 552 2459 firmatur
589 2401 789 2478 opinio
825 2408 885 2460 et
925 2421 1056 2479 spes
1094 2402 1376 2462 victoriae
1416 2412 1666 2482 augetur
1707 2405 1853 2466 adeo
1894 2415 1978 2479 ut,
2024 2409 2074 2467 si

277 2497 517 2574 quando
587 2497 732 2574 quid
801 2497 1122 2574 Pompeius
1188 2499 1415 2559 tardius
1478 2508 1582 2559 aut
1646 2504 2071 2564 consideratius

275 2593 510 2665 faceret,
541 2594 720 2653 unius
758 2613 885 2654 esse
923 2595 1232 2674 negotium
1270 2596 1405 2672 diei,
1438 2598 1542 2658 sed
1581 2599 1749 2658 illum
1789 2601 2070 2661 delectari

273 2691 522 2768 imperio
557 2697 619 2751 et
650 2691 987 2752 consulares
1026 2695 1468 2772 praetoriosque
1508 2717 1812 2757 servorum
1852 2698 2069 2759 habere

274 2807 519 2848 numero
549 2787 830 2849 dicerent.
917 2789 1227 2851 Postremo
1258 2811 1461 2851 omnes
1491 2803 1595 2852 aut
1633 2794 1707 2853 de
1746 2795 2069 2856 honoribus

271 2885 393 2945 suis
432 2890 537 2944 aut
571 2884 646 2945 de
679 2886 957 2962 praemiis
996 2887 1280 2964 pecuniae
1323 2890 1579 2966 agebant
1620 2911 1811 2969 neque
1854 2893 2067 2970 quibus

269 2982 602 3041 rationibus
650 3001 927 3059 superare
975 2992 1234 3060 possent,
1284 2985 1388 3044 sed
1432 2986 1931 3064 quemadmodum
1976 2993 2061 3050 uti

268 3079 520 3139 victoria
547 3077 834 3138 deberent
862 3079 1218 3156 cogitabant.
