2342 3500
587 298 846 358 TALES
891 298 995 358 OF
1038 298 1207 358 THE
1250 298 1478 359 OIVIL
1522 298 1732 358 WAR.
1983 299 2053 359 27

261 458 582 537 Pompeius
619 459 742 519 suis
778 459 1177 537 praedixerat,
1209 467 1279 519 ut
1321 459 1589 520 Caesaris
1630 461 1922 538 impetum
1964 480 2060 520 ex-

260 556 526 632 ciperent
554 576 704 616 neve
732 575 794 616 se
822 556 952 616 loco
979 565 1292 617 moverent
1319 556 1622 634 aciemque
1650 557 1777 616 eius
1805 555 2058 615 distrahi

262 660 624 730 paterentur.
713 651 832 713 Sed
880 653 1071 713 nostri
1123 653 1345 713 milites
1395 652 1536 713 dato
1583 654 1752 731 signo
1798 673 1930 713 cum
1974 654 2059 712 in-

259 749 428 809 festis
456 749 594 828 pilis
621 750 1129 827 procucurrissent
1155 757 1338 828 atque
1366 750 1631 810 animum
1661 751 2060 811 advertissent

262 866 382 906 non
409 846 680 906 concurri
708 867 744 906 a
771 847 1168 926 Pompeianis,
1203 867 1315 907 usu
1352 848 1533 926 periti
1561 868 1628 907 ac
1657 847 2058 925 superioribus

259 944 475 1023 pugnis
519 945 828 1005 exercitati
873 964 979 1004 sua
1020 952 1234 1024 sponte
1276 965 1515 1006 cursum
1551 952 1960 1023 represserunt
1999 952 2059 1003 et

261 1040 337 1099 ad
366 1040 629 1101 medium
668 1042 789 1103 fere
827 1042 1088 1120 spatium
1127 1042 1548 1116 constiterunt,
1576 1061 1652 1102 ne
1694 1042 2060 1119 consumptis

259 1138 488 1199 viribus
505 1139 1067 1217 appropinquarent,
1090 1158 1394 1218 parvoque
1415 1139 1752 1199 intermisso
1775 1139 2060 1217 temporis

259 1236 453 1313 spatio
491 1255 557 1295 ac
595 1255 797 1295 rursus
839 1244 1124 1296 renovato
1168 1256 1343 1295 cursu
1381 1235 1502 1314 pila
1538 1236 1828 1295 miserunt
1865 1236 2060 1296 celeri-

260 1340 487 1410 terque,
514 1340 585 1392 ut
612 1341 741 1392 erat
768 1340 1151 1411 praeceptum
1176 1354 1210 1392 a
1232 1332 1498 1404 Caesare,
1521 1331 1751 1410 gladios
1779 1333 2059 1392 strinxer-

260 1435 388 1490 unt.
492 1428 703 1505 Neque
760 1448 901 1489 vero
959 1429 1310 1507 Pompeiani
1372 1429 1509 1488 huic
1570 1429 1657 1488 rei
1718 1428 2055 1490 defuerunt.

259 1525 418 1585 Nam
452 1532 514 1586 et
545 1525 665 1585 tela
703 1527 882 1585 missa
919 1533 1283 1604 exceperunt
1324 1533 1386 1586 et
1426 1527 1715 1605 impetum
1756 1526 2057 1604 legionum

260 1622 544 1682 tulerunt.

263 1975 361 2020 80.
403 1967 674 2032 Pompey’s
707 1969 935 2032 Gavalry
962 1976 1018 2018 ac
1036 1969 1162 2031 first
1195 1969 1318 2031 qain
1351 1985 1483 2019 some
1509 1969 1834 2034 Advantaye‚
1860 1972 1944 2021 but
1967 1988 2057 2022 are

388 2050 698 2112 aflenoards
718 2050 901 2099 routed
922 2049 1033 2098 and
1058 2051 1237 2099 driven
1268 2057 1317 2099 to
1345 2050 1426 2099 the
1447 2051 1518 2099 M
1513 2052 1764 2102 cuntains.
1839 2052 2059 2102 General

389 2132 526 2182 Rout
547 2132 611 2194 os
624 2131 894 2195 Pompey’s
917 2131 1110 2182 Forces.

340 2296 569 2357 Eodem
612 2305 879 2375 tempore
923 2297 1152 2375 equites
1196 2296 1271 2356 ab
1309 2296 1552 2357 sinistro
1590 2297 1836 2378 Pompei
1874 2320 2055 2361 cornu

259 2395 523 2456 universi
580 2402 1089 2472 procucurrerunt.
1195 2393 1459 2468 Quorum
1517 2395 1809 2473 impetum
1856 2407 2059 2458 noster

261 2491 567 2569 equitatus
608 2511 730 2551 non
772 2490 929 2564 tulit,
974 2490 1078 2551 sed
1121 2490 1410 2569 paulatim
1451 2491 1579 2552 loco
1620 2501 1820 2553 motus
1862 2494 2054 2568 cessit,

260 2588 609 2667 equitesque
666 2587 913 2666 Pompei
968 2588 1153 2648 aciem
1209 2596 1478 2648 nostram
1526 2609 1563 2648 a
1609 2589 1793 2650 latere
1849 2598 2056 2669 aperto

261 2685 569 2746 circumire
603 2691 939 2763 coeperunt.
1028 2684 1204 2759 Quod
1246 2685 1350 2745 ubi
1393 2686 1612 2747 Caesar
1652 2688 1918 2748 animum
1960 2688 2056 2748 ad-

260 2782 460 2855 vertit,
493 2788 739 2859 quartae
769 2782 930 2855 aciei,
964 2802 1143 2861 quam
1177 2783 1521 2843 instituerat
1558 2803 1663 2843 sex
1701 2785 2051 2861 cohortium,

259 2878 430 2940 dedit
478 2879 729 2957 signum.
832 2878 977 2939 Illae
1025 2878 1295 2939 celeriter
1342 2890 1837 2957 procucurrerunt
1883 2882 2056 2943 infes-

200 2971 213 2994 ‘
258 2977 457 3054 tisque
509 2975 694 3053 signis
743 2982 916 3035 tanta
963 2975 1024 3036 vi
1071 2975 1134 3035 in
1186 2976 1433 3054 Pompei
1483 2978 1713 3055 equites
1760 2979 2053 3057 impetum

259 3072 546 3146 fecerunt,
596 3082 663 3131 ut
704 3091 910 3132 eorum
950 3091 1124 3131 nemo
1167 3073 1518 3132 consisteret
1559 3093 1880 3151 omnesque
1922 3095 2051 3135 con-

2189 3321 2342 3462 A
