2342 3500
225 264 304 353 30⁴
550 260 811 323 TALES
855 262 960 323 OF
999 263 1168 323 THE
1207 264 1435 326 CIVIL
1481 264 1692 327 WAR.

220 424 530 497 tiarentur,
582 443 776 485 arcem
825 432 1059 503 captam
1108 445 1236 485 esse
1286 426 1644 486 excludendi
1699 428 1791 488 sui
1846 448 2023 490 causa

219 522 581 600 nuntiosque
642 506 920 582 dimissos
988 523 1064 582 ad
1133 542 1251 596 eos,
1312 524 1420 600 qui
1486 543 1548 583 se
1610 542 1687 584 ex
1746 525 1888 604 fuga
1955 526 2020 585 in

218 617 505 677 finitimas
569 616 842 680 civitates
908 619 1198 699 recepisse
1258 619 1615 694 dicerentur,
1673 642 1785 682 ne
1809 623 2021 682 Antio-

218 713 415 775 chiam
443 714 697 777 adirent.

317 1080 418 1123 42.
458 1074 690 1138 Pompey
711 1072 908 1123 arrives
927 1074 985 1123 in
1010 1073 1177 1137 Eyypt
1200 1075 1308 1123 and
1330 1075 1373 1123 is
1396 1073 1531 1124 there
1554 1060 1926 1134 creachcrously

969 1156 1257 1204 murdered.

299 1296 527 1371 Quibus
554 1295 810 1374 cognitis
838 1297 1028 1370 rebuS,
1054 1295 1391 1377 Pompeius,
1417 1295 1690 1374 deposito
1712 1293 2020 1355 adeundae

220 1394 427 1473 Syriae
473 1393 736 1465 consili0,
784 1390 933 1453 aeris
983 1413 1201 1473 magno
1259 1380 1520 1471 pondere
1576 1395 1651 1452 ad
1699 1393 2019 1452 militarem

218 1511 391 1551 usum
419 1490 481 1550 in
509 1509 694 1550 naves
722 1491 1002 1569 imposito
1036 1490 1390 1568 duobusque
1427 1489 1672 1550 milibus
1706 1489 2016 1548 hominum

217 1578 461 1651 armatis
535 1586 840 1647 Pelusium
913 1588 1204 1667 pervenit.
1301 1587 1408 1648 I-bi
1482 1607 1618 1648 casu
1701 1606 1810 1646 rex
1889 1593 2019 1646 erat

218 1685 632 1761 Ptolemaeu8‚.
664 1704 815 1764 puer
857 1692 1069 1772 aetate,
1119 1684 1350 1765 magnis
1398 1685 1582 1764 copiis
1633 1704 1767 1744 cum
1817 1703 2017 1743 sorore

219 1782 538 1861 Cleopatra
565 1771 788 1848 bellum
815 1802 1042 1862 gerens,
1073 1803 1253 1861 quam
1291 1783 1495 1861 paucis
1532 1789 1673 1843 ante
1711 1782 2018 1842 mensibus

216 1900 325 1960 per
365 1900 503 1941 suos
544 1880 911 1958 propinquos
954 1888 1132 1959 atque
1178 1881 1396 1941 amicos
1441 1899 1624 1960 regno
1670 1880 2018 1958 expulerat3

218 1986 525 2056 castraque
564 1975 916 2056 Cleopatrae
954 1999 1075 2038 non
1115 1981 1291 2057 longo
1329 1978 1523 2056 spatio
1551 1979 1628 2037 ab
1656 1977 1783 2037 eius
1811 1976 2018 2037 castris

217 2074 538 2153 distabant.
628 2075 728 2135 Ad
763 2095 900 2135 eum
933 2075 1255 2154 Pompeius
1292 2075 1473 2149 misit,
1504 2083 1573 2134 ut
1610 2094 1718 2153 pro
1756 2074 2017 2152 hospitio

217 2179 399 2250 atque
449 2172 713 2233 amicitia
760 2173 948 2251 patris
998 2172 1367 2232 Alexandria
1420 2172 1784 2251 reciperetur
1838 2180 2017 2249 atque

216 2269 376 2329 illius
404 2270 617 2348 opibus
644 2269 708 2329 in
737 2269 1073 2330 calamitate
1095 2277 1417 2348 tegeretur.
1504 2268 1622 2329 Sed
1644 2268 1820 2328 amici
1840 2268 2012 2347 regis,

217 2356 320 2445 qui
348 2375 596 2452 propter
624 2374 881 2430 aetatem
909 2368 1034 2427 eius
1061 2368 1126 2426 in
1153 2367 1573 2447 procuratione
1614 2372 1786 2426 erant
1825 2366 2011 2443 regni,

214 2464 341 2524 sive
369 2464 582 2525 timore
611 2464 885 2542 adducti,
901 2471 971 2524 ut
996 2472 1205 2542 postea
1231 2463 1673 2542 praedicabant,
1699 2462 2016 2523 sollicitato

216 2562 481 2623 exercitu
535 2562 717 2642 regie,
768 2581 843 2623 ne
893 2560 1212 2639 Pompeius
1262 2560 1695 2621 Alexandriam
1750 2559 2017 2639 Aegypt-

215 2679 434 2738 umque
472 2665 801 2737 occuparet,
835 2659 958 2719 sive
996 2659 1278 2739 despecta
1315 2659 1443 2719 eius
1480 2659 1738 2732 fortuna,
1770 2665 1841 2718 ut
1868 2658 2017 2735 pler-

214 2776 433 2835 umque
461 2758 524 2816 in
547 2755 885 2816 calamitate
912 2775 989 2816 ex
1009 2756 1216 2816 amicis
1242 2754 1467 2815 inimici
1490 2755 1776 2826 exist-unt,
1798 2753 1890 2827 iis,
1910 2754 2016 2831 qui

214 2862 385 2914 erant
439 2854 514 2915 ab
571 2874 640 2915 eo
695 2854 876 2927 missi,
936 2852 1132 2932 palam
1190 2852 1518 2914 liberaliter
1575 2851 2017 2932 responderunt

213 2937 465 3030 eumque
493 2952 569 3012 ad
600 2971 799 3031 regem
827 2952 1031 3011 venire
1059 2951 1398 3024 iusserunt;
1439 2950 1553 3028 ipsi
1583 2948 1736 3009 clam
1764 2948 2013 3009 consilio

214 3048 366 3108 inito
407 3048 724 3121 Achillam,
778 3048 1143 3126 praefectum
1191 3066 1293 3123 re,⁵
1260 3046 1439 3120 ium,
1494 3045 1782 3125 singulari
1830 3045 2011 3104 homi-
