2342 3500
582 299 842 359 TALES
885 299 1200 359 OFTHE
1244 298 1467 359 CIVIL
1511 297 1720 357 WAR.
1975 301 2045 358 15

251 471 396 523 erat.
468 464 563 523 Ex
591 461 809 539 quibus
836 481 1020 520 unam
1047 459 1393 520 conscendit,
1419 467 1480 518 et
1507 468 1716 519 nactus
1744 460 2047 521 turbidam

252 566 671 637 tempestatem
715 558 1015 636 profectus
1049 564 1140 617 est
1183 557 1524 634 auxilioque
1566 559 1940 635 tempestatis
1974 579 2048 617 ex

252 664 573 734 conspectu
637 656 803 715 abiit.
929 655 1337 743 Massilienses
1399 675 1564 714 arma
1631 663 2049 733 tormentaque

253 773 329 813 ex
372 753 592 830 oppido
640 753 970 830 proferunt,
1016 753 1328 830 pecuniam
1372 772 1446 810 ex
1494 751 1731 829 publico
1779 752 2041 812 tradunt.

254 850 471 910 Caesar
519 849 668 909 duas
722 850 808 909 ibi
863 849 1127 928 legiones
1182 849 1478 928 praesidio
1534 849 1859 927 relinquit;
1919 851 2046 927 ipse

252 947 331 1007 ad
373 948 579 1007 urbem
621 947 1030 1025 proficiscitur.

668 1118 768 1162 23.
810 1111 1010 1161 Ourio's
1035 1111 1326 1174 Gampaiq‘n
1349 1112 1405 1161 in
1426 1111 1632 1173 Africa.

334 1226 533 1286 Isdem
583 1226 953 1304 temporibus
996 1224 1060 1285 C.
1107 1225 1290 1285 Curio
1333 1226 1395 1283 in
1438 1225 1704 1285 Africam
1748 1227 2048 1304 profectus

253 1345 329 1384 ex
387 1324 588 1384 Sicilia
650 1323 901 1401 appellit
956 1321 1030 1381 ad
1094 1342 1230 1382 eum
1286 1322 1496 1396 locum,
1557 1323 1659 1399 qui
1717 1323 2051 1401 appellatur

252 1421 647 1499 Anquillaria.
751 1419 1043 1480 Obsidere
1086 1419 1328 1479 Uticam
1381 1420 1655 1497 valloque
1703 1421 2049 1480 circummu-

253 1520 380 1578 nire
437 1518 719 1577 instituit.
822 1517 968 1576 Erat
1022 1516 1084 1575 in
1135 1516 1356 1594 oppido
1406 1515 1732 1576 multitudo
1788 1517 2049 1577 insolens

252 1615 394 1676 belli
442 1615 840 1675 diuturnitate
884 1614 1006 1673 otii.
1116 1613 1331 1691 Itaque
1373 1613 1448 1673 de
1497 1612 1802 1674 deditione
1845 1635 2054 1674 omnes

252 1715 370 1775 iam
405 1712 603 1792 palam
631 1712 1044 1790 loquebantur.
1132 1710 1297 1772 Haec
1326 1731 1455 1771 cum
1487 1718 1817 1791 agerentur,
1849 1712 2049 1772 nuntii

251 1811 560 1890 praemissi
615 1810 691 1871 ab
740 1830 875 1885 rege
930 1809 1082 1868 Iuba
1130 1816 1439 1883 venerunt,
1493 1810 1597 1886 qui
1654 1829 1790 1868 eum
1846 1809 2047 1868 adesse

252 1929 385 1968 cum
418 1903 649 1986 magnis
691 1907 876 1983 copiis
909 1906 1178 1964 dicerent
1221 1913 1282 1964 et
1323 1905 1398 1964 de
1434 1905 1704 1964 custodia
1746 1926 1811 1964 ac
1853 1905 2050 1964 defen-

253 2006 418 2065 sione
447 2005 613 2064 urbis
647 2004 1047 2063 hortarentur.
1137 2001 1295 2060 Huic
1326 2001 1596 2060 simultas
1625 2022 1758 2061 cum
1789 2002 2048 2062 Curione

252 2103 678 2176 intercedebat,
739 2100 901 2178 quod
963 2099 1242 2158 tribunus
1297 2098 1490 2176 plebis
1546 2097 1737 2177 legem
1793 2099 2047 2177 promul-

251 2207 514 2280 gaverat,
547 2219 664 2276 qua
705 2197 835 2275 lege
881 2216 1127 2276 regnum
1170 2196 1357 2256 Iubae
1400 2194 1824 2274 publicaverat.

334 2296 427 2356 Ex
488 2294 752 2374 perfugis
809 2293 1168 2371 quibusdam
1223 2292 1397 2352 audit
1459 2291 1642 2352 Curio
1697 2292 1909 2352 Iubam
1965 2314 2050 2353 re-

253 2401 529 2453 vocatum
560 2391 814 2450 finitimo
853 2390 1008 2450 bello
1048 2390 1336 2449 restitisse
1375 2390 1437 2448 in
1476 2410 1673 2469 regno,
1709 2389 2045 2460 Saburram,

218 2491 381 2550 ‘eius
444 2489 824 2567 praefectum,
890 2507 1023 2546 cum
1093 2486 1493 2547 mediocribus
1556 2487 1753 2564 copiis‘
1802 2489 2048 2547 missum

254 2586 470 2646 Uticae
491 2585 981 2662 appropinquare.
1057 2582 1170 2642 His
1194 2584 1533 2643 auctoribus
1562 2592 1785 2645 temere
1806 2585 2049 2645 credens

253 2681 478 2762 proelio
528 2701 653 2740 rem
703 2681 1076 2740 committere
1119 2681 1449 2740 constituit.
1535 2680 1887 2758 Equitatum
1930 2704 2049 2742 om-

253 2798 391 2839 nem
427 2778 620 2855 prima
647 2783 820 2836 nocte
849 2776 926 2835 ad
963 2785 1155 2836 castra
1184 2777 1447 2837 hostium
1485 2778 1678 2837 mittit
1714 2779 1790 2838 ad
1826 2780 2048 2839 flumen

254 2874 606 2953 Bagradam,
650 2873 865 2951 quibus
906 2882 1180 2951 praeerat
1229 2874 1504 2934 Saburra.
1591 2875 1841 2953 Equites
1883 2878 2046 2936 missi

253 2980 427 3032 nocte
463 2970 872 3048 imprudentes
907 2978 1087 3047 atque
1115 2969 1495 3047 inopinantes
1525 2970 1820 3031 Numidas
1850 2993 2050 3052 aggre-

252 3070 503 3130 diuntur
531 3076 592 3128 et
622 3087 904 3144 magnum
934 3086 1136 3125 eorum
1168 3086 1486 3126 numerum
1515 3067 1893 3129 interficiunt.

1150 3182 1183 3218 c
