2342 3500
262 295 296 352 6
589 291 845 381 TALEs
889 291 994 352 OF
1036 292 1206 351 THE
1247 292 1475 352 OIVIL
1518 293 1727 354 WAR.

343 452 574 526 Caesar,
619 453 732 512 etsi
779 452 858 512 ad
907 472 1072 531 spem
1120 453 1471 513 conficiendi
1520 455 1747 533 negotii
1795 456 2056 515 maxime

260 551 555 628 probabat
592 550 809 609 coactis
839 550 1091 610 navibus
1124 570 1288 610 mare
1322 552 1575 610 transire
1604 558 1665 612 et
1704 552 2055 629 Pompeium

262 647 447 726 sequi,
478 655 680 707 tamen
721 647 846 706 eius
882 647 967 707 rei
1008 668 1236 707 moram
1277 649 1683 727 temporisque
1724 649 2058 728 longinqui-

263 751 451 805 tatem
493 744 762 817 timebat,
808 744 965 821 quod
1012 744 1290 805 omnibus
1333 745 1550 805 coactis
1591 746 1843 806 navibus
1885 747 2059 806 Pom-

263 843 429 920 peius
457 847 834 919 praesentem
861 842 1209 902 facultatem
1230 842 1583 921 insequendi
1611 843 1705 903 sui
1730 843 2049 903 ademerat.

344 938 556 1017 Itaque
610 937 678 999 in
731 939 1068 1015 praesentia
1114 940 1363 1017 Pompei
1419 940 1708 1017 sequendi
1762 941 2055 1001 rationem

264 1036 508 1110 omittit,
551 1036 618 1096 in
658 1035 1013 1115 Hispaniam
1054 1037 1343 1115 proficisci
1385 1037 1715 1097 constituit.

270 1348 365 1393 10.
397 1341 587 1392 Caesar
599 1342 861 1392 assemblee
877 1343 958 1391 the
975 1343 1155 1393 Senate
1168 1349 1225 1392 at
1239 1343 1409 1392 Rome.
1459 1341 1811 1404 Umucceseful
1826 1339 2056 1402 Attempt

860 1430 908 1473 to
931 1431 1061 1473 treat
1083 1424 1205 1474 with
1227 1423 1472 1488 Pompey.

347 1556 563 1616 Caesar
595 1555 816 1615 milites
849 1554 910 1614 in
945 1557 1221 1633 proxima
1252 1556 1576 1635 municipia
1610 1555 1890 1628 deducit3
1930 1554 2056 1633 ipse

265 1653 340 1713 ad
369 1653 578 1713 urbem
606 1652 1010 1730 proficiscitur.

347 1750 568 1811 Coacto
599 1757 811 1810 senatu
838 1750 1084 1811 iniurias
1111 1750 1487 1816 inimicorum
1518 1757 1956 1811 commemorat.

348 1846 711 1906 Patientiam
772 1847 1054 1924 proponit
1116 1868 1302 1921 suam,
1363 1847 1498 1908 cum
1560 1847 1637 1908 de
1700 1847 2057 1908 exercitibus

267 1943 645 2003 dimittendis
686 1942 845 2003 ultro
885 1945 1324 2023 postulavisset.

349 2041 757 2100 Acerbitatem
793 2041 1169 2124 inimicorum
1200 2042 1390 2117 docet,
1423 2043 1543 2121 qui,
1576 2042 1736 2121 quod
1770 2042 1843 2102 ab
1871 2042 2059 2104 altero

268 2137 656 2216 postularent,
700 2140 765 2198 in
807 2159 868 2199 se
909 2147 1267 2200 recusarent.

348 2235 512 2295 Dicit
547 2235 776 2315 legatos
815 2236 888 2296 ad
929 2237 1283 2315 Pompeium
1323 2236 1396 2296 de
1431 2237 1858 2314 compositione
1896 2238 2060 2298 mitti

268 2341 555 2410 oportere.

350 2429 573 2489 Probat
614 2451 739 2490 rem
775 2436 1015 2490 senatus
1053 2430 1128 2490 de
1165 2428 1482 2489 mittendis
1513 2428 1726 2507 legatis
1743 2451 1760 2503 3
1803 2429 1926 2501 sed,
1955 2432 2059 2508 qui

269 2527 669 2600 mitterentur,
693 2598 698 2603 ι
720 2548 842 2587 non
889 2527 1355 2606 reperiebantur,
1402 2525 1778 2602 maximeque
1825 2526 2059 2586 timoris

269 2644 446 2683 causa
471 2644 580 2701 pro
609 2643 669 2683 se
699 2624 950 2701 quisque
977 2622 1040 2681 id
1070 2641 1291 2681 munus
1318 2620 1633 2700 legationis
1661 2621 1986 2682 recusabat.

349 2720 670 2798 Pompeius
739 2720 899 2779 enim
969 2718 1281 2778 discedens
1349 2718 1426 2778 ab
1497 2717 1646 2777 urbe
1716 2718 1781 2777 in
1850 2726 2059 2779 senatu

268 2817 521 2891 dixerat,
572 2816 781 2876 eodem
827 2836 890 2876 se
944 2815 1293 2875 habiturum
1347 2815 1492 2889 loc0‚
1544 2814 1648 2892 qui
1702 2814 1928 2876 Romae
1975 2837 2060 2879 re-

270 2914 626 2973 mansissent
668 2919 729 2972 et
769 2913 874 2991 qui
914 2913 978 2972 in
1019 2913 1229 2974 castris
1273 2912 1541 2974 Caesaris
1581 2913 1847 2975 fuissent.
