2342 3500
324 295 395 351 12
647 291 909 353 TALES
949 292 1053 353 OF
1095 292 1264 352 THE
1307 290 1535 353 OIVIL
1581 290 1787 351 WAR.

320 452 620 523 AfraniuS‚
645 471 780 512 cum
809 460 946 513 ante
969 472 1031 512 se
1051 453 1287 513 hostem
1315 452 1563 526 videret,
1587 452 1793 511 collem
1818 450 2124 529 quendam

321 558 528 608 nactus
556 549 642 609 ibi
670 550 959 611 constitit.

324 746 418 788 10.
449 738 709 803 Afranius
728 738 1027 790 suo-rendere
1043 738 1179 800 oster
1199 738 1407 801 making)
1423 755 1494 789 an
1520 737 1870 800 Umuccesqful
1891 735 2126 797 Attempt

946 828 996 870 to
1016 829 1197 870 return
1218 828 1268 869 to
1287 821 1483 871 Ilerda.

400 935 548 995 Erat
574 936 801 996 occasio
827 935 978 995 bene
1001 935 1296 1013 gerendae
1322 935 1424 994 rei.
1508 934 1626 994 Sed
1654 934 1871 994 Caesar
1897 934 1961 992 in
1988 952 2123 992 eam

319 1053 485 1111 spem
523 1039 786 1106 venerat,
824 1052 886 1092 se
922 1033 1050 1091 sine
1089 1051 1292 1110 pugna
1321 1039 1387 1091 et
1425 1032 1557 1091 sine
1591 1030 1835 1091 vulnere
1876 1050 2123 1089 suorum

321 1149 446 1188 rem
476 1130 759 1189 conficere
795 1149 983 1207 posse,
1015 1129 1179 1205 quod
1216 1148 1280 1187 re
1321 1128 1711 1188 frumentaria
1751 1127 2122 1187 adversarios

323 1225 767 1285 interclusisset.
873 1226 1312 1285 Premebantur
1356 1225 1671 1285 Afraniani
1714 1224 2117 1303 pabulatione,

322 1322 698 1400 aquabantur
753 1342 942 1402 aegre.
1054 1321 1269 1399 Itaque
1325 1342 1576 1402 magnus
1641 1341 1846 1381 eorum
1901 1320 2122 1380 cotidie

321 1439 604 1480 numerus
673 1419 749 1480 ad
819 1419 1130 1480 Gaesarem
1185 1419 1575 1498 perfugiebat.
1689 1417 1762 1478 In
1830 1418 1925 1476 his
1993 1424 2124 1477 erat

323 1516 618 1595 angustiis
673 1536 782 1577 res».
889 1516 1007 1577 Sed
1063 1537 1137 1576 ex
1192 1516 1516 1593 propositis
1571 1514 1833 1575 consiliis
1889 1514 2122 1574 duobus

323 1614 662 1691 explicitius
748 1612 1067 1673 videbatur
1135 1612 1393 1672 Ilerdam
1471 1612 1710 1684 reverti,
1787 1611 1946 1689 quod
2036 1611 2121 1671 ibi

322 1711 568 1790 paulum
589 1710 873 1771 frumenti
902 1709 1280 1788 reliquerant.
1353 1709 1606 1769 Tarraco
1635 1708 1869 1788 longius
1892 1708 2096 1769 aberat
2105 1731 2122 1785 3

324 1829 445 1887 quo
501 1809 693 1888 spatio
748 1808 950 1887 plures
1003 1828 1129 1868 rem
1187 1826 1357 1885 posse
1414 1826 1582 1866 casus
1637 1807 1897 1886 recipere
1953 1807 2124 1867 intel-

324 1907 617 1985 legebant.

407 2003 538 2062 Hoc
605 2002 858 2080 probato
927 2001 1172 2062 consilio
1233 2021 1311 2061 ex
1378 2001 1586 2060 castris
1649 2001 2119 2078 proficiscuntur.

322 2100 544 2161 Caesar
568 2118 702 2158 cum
730 2099 1063 2176 legionibus
1090 2098 1488 2175 subsequitur.
1580 2098 1888 2175 Pugnatur
1915 2099 2126 2158 acriter

326 2197 404 2257 ad
431 2196 820 2257 novissimum
857 2216 1086 2274 agmen,
1118 2195 1568 2272 compluresque
1602 2194 1824 2256 milites
1852 2196 2124 2255 interfici·

327 2300 527 2355 untur.
614 2291 768 2352 Tum
796 2312 938 2352 vero
969 2292 1308 2351 consistunt
1337 2292 1666 2351 necessario
1712 2298 1774 2351 et
1817 2292 2020 2370 procul
2049 2292 2123 2351 ab

327 2411 481 2468 aqua
525 2397 586 2449 et
623 2397 839 2449 natura
875 2389 1082 2466 iniquo
1120 2388 1251 2448 loco
1291 2396 1483 2448 castra
1525 2394 1771 2466 ponunt.
1860 2388 2123 2447 Tandem

329 2487 607 2547 omnibus
663 2486 838 2547 rebus
900 2485 1142 2558 obsessi,
1203 2506 1407 2564 aquae,
1465 2485 1782 2563 lignorum,
1841 2485 2125 2544 frumenti

329 2585 530 2663 inopia
579 2583 939 2662 colloquium
994 2590 1226 2661 petunt.
1315 2583 1576 2642 Venitur
1624 2582 1687 2642 in
1743 2602 1877 2641 eum
1934 2583 2125 2642 locum

331 2702 507 2759 quem
563 2681 781 2742 Caesar
835 2679 1070 2757 delegit.
1188 2679 1492 2739 Audiente
1559 2686 1808 2757 utroque
1864 2679 2127 2739 exercitu

329 2779 596 2856 loquitur
670 2777 1000 2840 Afranius:
1073 2777 1149 2837 Se
1219 2796 1528 2854 perpessos
1597 2776 1864 2836 omnium
1932 2795 2127 2836 rerum

328 2876 628 2954 inopiam3
689 2895 846 2934 nunc
901 2893 1041 2934 vero
1098 2894 1292 2952 neque
1337 2892 1578 2952 corpore
1624 2873 1890 2934 dolorem
1938 2893 2127 2951 neque

333 2974 531 3033 animo
591 2971 979 3050 ignomin-iam
1051 2971 1208 3031 ferre
1280 2991 1498 3049 posse3
1566 2972 1768 3050 itaque
1824 2991 1885 3032 se
1941 2971 2127 3031 victos

334 3069 613 3130 confiteri.
743 3069 840 3128 Ad
910 3089 980 3129 ea
1049 3068 1267 3129 Caesar
1336 3068 1687 3147 respondit:
1761 3069 1837 3129 Se
1907 3069 2126 3130 nemini
